3663 5495
1095 942 1518 1066 Lucani
1617 939 2331 1108 prooemium

785 1211 976 1276 Bella
1020 1230 1134 1292 per
1177 1210 1506 1274 Emathios
1551 1209 1696 1292 plus
1741 1229 1929 1290 quam
1976 1209 2182 1276 civilia
2225 1227 2484 1290 campos

790 1315 1033 1394 Iusque
1080 1314 1296 1381 datum
1343 1313 1564 1376 sceleri
1611 1313 1913 1388 canimuS‚
1955 1312 2391 1393 populumque
2435 1320 2763 1392 potentem

783 1416 859 1478 In
913 1435 1028 1480 sua
1072 1416 1310 1479 victrici
1356 1405 1732 1480 conversum
1782 1415 2021 1478 viscera
2066 1415 2285 1479 dextra

795 1520 1239 1599 Cognatasque
1283 1520 1450 1582 acies
1498 1525 1562 1582 et
1604 1524 1792 1598 rupto
1836 1517 2091 1582 foedere
2134 1518 2316 1598 regni

672 1624 707 1682 5
801 1621 1125 1684 Certatum
1174 1613 1324 1684 totis
1367 1622 1658 1684 concussi
1703 1621 1943 1684 viribus
1987 1620 2161 1683 orbis

788 1723 862 1786 In
910 1742 1245 1787 commune
1289 1723 1466 1786 nefas
1511 1722 1882 1803 infestisque
1926 1721 2363 1811 obvia—signis

487 1969 512 2019 1
589 1967 748 2032 Verg.
771 1968 838 2019 A.
864 1967 891 2018 Ι
919 1970 943 2017 1
969 1981 1119 2018 arma
1148 2006 1159 2018 .
1191 2006 1202 2018 .
1235 1981 1368 2017 cano
1390 1997 1449 2003 —
1477 1965 1662 2032 (Verg.
1684 1979 1731 2030 g.
1754 1963 1781 2015 I
1801 1962 1929 2030 492)
1954 1961 2049 2016 Ov.
2071 1979 2139 2015 m.
2162 1963 2211 2014 V
2232 1965 2333 2016 313
2354 1963 2625 2016 Emathiis
2648 2005 2658 2014 .
2682 2004 2695 2016 .
2716 1964 2995 2031 campis—

594 2053 689 2108 Ov,
729 2070 798 2107 m.
830 2054 942 2108 XII
972 2057 1074 2108 583
1105 2060 1319 2106 exercet
1342 2068 1606 2105 memores
1634 2051 1758 2118 plus
1797 2067 1958 2128 quam
1985 2051 2215 2104 civiliter
2242 2051 2351 2105 iras
2391 2051 2513 2104 Sen.
2550 2052 2753 2106 Phoen.
2793 2055 2897 2106 354
2924 2053 2989 2107 R.

589 2159 694 2195 non
733 2143 868 2196 satis
903 2149 988 2196 est
1023 2141 1200 2194 adhuc
1236 2141 1392 2194 civile
1428 2140 1660 2208 bellum3
1708 2139 1881 2193 frater
1920 2140 1977 2192 in
2014 2139 2235 2193 fratrem
2271 2146 2394 2192 ruat
2432 2141 2559 2193 Tac.
2598 2141 2713 2194 asI
2754 2145 2817 2194 12
2844 2141 2987 2208 -plus

590 2244 748 2296 quam
795 2229 976 2282 civilia
1025 2229 1255 2296 agitaret
1300 2228 1446 2281 Flor.
1498 2228 1555 2280 II
1597 2229 1716 2295 13‚4
1763 2235 1824 2281 ut
1867 2245 1977 2281 non
2024 2235 2169 2281 recte
2218 2235 2429 2281 tantum
2476 2229 2632 2282 civile
2678 2230 2889 2283 dicatur
2924 2273 2935 2284 .
2976 2272 2990 2286 .

592 2317 687 2371 sed
721 2318 907 2384 potius
947 2333 1226 2369 commune
1257 2316 1526 2383 quoddam
1555 2332 1623 2368 ex
1646 2317 1895 2370 omnibus
1922 2322 1977 2368 et
2000 2316 2125 2382 plus
2152 2333 2310 2383 quam
2336 2317 2537 2370 bellum
2567 2317 2752 2371 Aurei.
2782 2318 2986 2371 Victor.

595 2405 748 2458 Caes
789 2407 857 2457 39
899 2404 1026 2470 plus
1065 2419 1225 2469 quam
1263 2403 1444 2456 civilia
1470 2405 1758 2472 Augustin.
1799 2405 1898 2458 civ.
1936 2403 2023 2457 dei
2052 2405 2139 2458 III
2170 2407 2236 2456 14
2274 2409 2327 2458 et
2362 2405 2466 2458 hoc
2487 2405 2611 2472 plus
2641 2421 2801 2472 quam
2830 2406 2993 2458 civile-

589 2493 790 2546 bellum
828 2491 932 2544 fuit
972 2492 1127 2544 Oros,
1170 2492 1224 2544 II
1267 2495 1377 2556 18,1
1422 2493 1623 2545 bellum
1663 2493 1837 2556 civile,
1882 2493 2044 2546 immo
2094 2494 2257 2545 etiam
2292 2493 2417 2560 plus
2456 2510 2614 2560 quam
2660 2495 2832 2566 civile*
2853 2494 2986 2548 Isid..

588 2598 663 2634 or.
703 2580 901 2633 XVIII
948 2583 1063 2648 1,2;
1099 2583 1132 2631 4
2792 2573 2797 2576 ’

485 2673 518 2722 2
593 2669 716 2723 Sen.
759 2684 840 2736 ep.
885 2672 998 2735 18,1
1033 2667 1118 2721 ius
1156 2668 1404 2720 luxuriae
1439 2669 1692 2735 publicae
1719 2667 1905 2720 datum
1932 2667 2066 2721 Stat.
2108 2669 2209 2721 Th.
2239 2669 2327 2722 III
2352 2669 2648 2722 444‘daret
2682 2667 2845 2722 armis
2873 2669 2993 2722 iura

591 2758 804 2812 Rustic.
847 2758 1005 2825 Help.
1045 2758 1112 2810 de
1151 2756 1355 2810 Christi
1391 2758 1516 2810 ben.
1558 2760 1660 2810 142
1704 2758 1790 2811 ius
1838 2759 2059 2812 sceleris
2099 2758 2317 2825 Coripp.
2358 2758 2480 2811 Joh.
2512 2758 2653 2811 VIII
2684 2750 2791 2813 116
2822 2760 2869 2813 si
2905 2758 2989 2813 fas

593 2847 844 2900 civilibus
865 2848 1028 2899 armis
1050 2847 1242 2912 iusque
1269 2844 1451 2897 datum
1483 2852 1566 2899 est
1591 2876 1660 2882 —
1689 2848 1828 2915 (833)
1861 2850 1962 2900 109
1983 2847 2280 2914 populique
2306 2847 2545 2913 potentis
2574 2848 2691 2915 (ubi
2713 2847 2857 2916 vide)
2890 2851 2998 2901 159

491 2939 523 2987 3
595 2936 860 3002 Verg..A.
902 2936 981 2987 VI
1018 2939 1120 2988 833
1157 2935 1368 3000 patriae
1407 2934 1614 2987 validas
1651 2935 1708 2986 in
1744 2934 1955 2985 viscera
1998 2934 2190 2985 vertite
2236 2934 2378 2985 vires
2420 2933 2673 2999 Calpurn.
2722 2933 2817 2987 ecl.
2858 2934 2885 2987 1
2922 2938 2991 2988 48

593 3023 649 3075 in
686 3038 783 3076 sua
824 3040 1061 3077 vesanos
1098 3022 1376 3089 torquebit
1419 3022 1629 3075 viscera
1678 3036 1891 3074 morsus
1930 3021 2048 3073 Val.
2088 3020 2169 3073 VI
2205 3024 2309 3074 408
2354 3021 2413 3073 in
2462 3036 2561 3074 sua
2604 3022 2745 3074 versi
2803 3021 2999 3075 funera.

593 3112 792 3166 Justin.
844 3113 931 3165 III
971 3116 1053 3179 2,1
1111 3111 1341 3165 Graecia
1376 3150 1388 3163 .
1431 3152 1441 3163 .
1479 3111 1627 3163 velut
1671 3111 1729 3162 in
1774 3110 1983 3163 viscera
2031 3124 2131 3161 sua
2175 3124 2324 3161 arma
2370 3110 2634 3161 convertit
2678 3110 2821 3162 XIII
2856 3114 2977 3175 6,17

591 3200 920 3253 Macedonia
957 3241 967 3252 .
1010 3243 1020 3253 .
1058 3200 1114 3251 in
1155 3215 1253 3252 sua
1287 3199 1496 3251 viscera
1544 3204 1784 3251 armatur
1817 3196 2124 3263 ferrumque
2173 3197 2241 3249 ab
2280 3196 2468 3249 hostili
2504 3197 2647 3250 bello
2686 3198 2742 3249 in
2779 3198 2992 3251 civilem

595 3288 910 3355 sanguinem
935 3288 1096 3341 vertit
1121 3288 1268 3342 Flor.
1300 3288 1326 3339 I
1361 3290 1428 3340 34
1456 3301 1508 3353 p.
1530 3290 1601 3339 84
1629 3287 1692 3340 R.
1721 3286 1951 3352 denique
1974 3286 2121 3337 inse
2140 3285 2257 3351 ipse
2286 3300 2577 3339 conversus
2606 3326 2616 3339 .
2657 3326 2669 3340 .
2705 3287 3001 3341 novissime

591 3377 818 3443 Pompei
848 3383 902 3429 et
925 3377 1174 3430 Caesaris
1209 3376 1458 3430 manibus
1485 3416 1496 3429 .
1531 3416 1540 3427 .
1573 3382 1742 3428 semet
1767 3375 1887 3442 ipse
1914 3374 2173 3427 laceravit
2196 3374 2395 3441 Paneg.
2422 3374 2515 3427 lat.
2556 3374 2643 3427 ΙΙΙ
2673 3378 2735 3427 17
2773 3374 2905 3427 furit
2938 3376 2999 3428 in

591 3465 802 3518 viscera
841 3478 942 3518 sua
977 3480 1107 3531 gens
1145 3465 1395 3517 Ambron.
1435 3480 1518 3530 ep.
1547 3467 1671 3530 6,14
1705 3464 1901 3517 misere
1936 3464 1993 3515 in
2021 3478 2120 3517 sua
2142 3462 2403 3530 populum
2432 3477 2749 3516 conversum
2783 3464 2993 3517 viscera

594 3553 808 3608 Paulin.
842 3553 980 3607 Pell.
1021 3556 1124 3605 393
1163 3553 1321 3606 hoste
1361 3594 1372 3605 .
1416 3594 1426 3605 .
1466 3553 1646 3606 subito
1684 3554 1740 3605 in
1778 3568 1877 3605 sua
1912 3552 2121 3605 viscera
2155 3565 2330 3603 verso,

490 3646 526 3695 4
601 3642 722 3694 Sen.
778 3640 910 3695 Oed.
951 3644 1055 3694 738
1086 3640 1300 3707 agmina
1337 3680 1348 3693 .
1380 3681 1390 3692 .
1423 3647 1652 3707 cognata
1693 3641 1824 3693 Stat.
1868 3640 1968 3692 Th.
2009 3640 2037 3691 Ι
2076 3644 2100 3691 1
2134 3638 2401 3691 fraternas
2430 3638 2575 3690 acies
2623 3639 2700 3691 IV
2736 3644 2839 3694 436
2877 3657 3005 3693 con-

572 3714 922 3797 'sanguineas
975 3729 1120 3781 acies
1163 3728 1350 3781 Claud.
1398 3728 1456 3780 in
1493 3728 1669 3781 Rufin.
1710 3729 1763 3780 II
1800 3730 1902 3780 237
1923 3747 1936 3795 3
1981 3728 2059 3779 VI
2098 3742 2245 3780 cons,
2298 3726 2437 3778 Hon.
2476 3728 2576 3777 401
2626 3727 2802 3779 socias
2851 3728 3001 3782 acies

597 3822 934 3883 cognataque
972 3817 1126 3883 signa
1165 3815 1348 3869 Sidon.
1387 3819 1492 3883 Ap.
1523 3832 1567 3869 c.
1595 3816 1698 3869 XV
1735 3820 1804 3869 28
1841 3820 2121 3883 cognatam
2157 3823 2383 3883 portans
2411 3815 2581 3867 aciem
2608 3814 2775 3883 (Plut.
2807 3816 2999 3883 Pomp.

599 3907 666 3959 70
703 3905 808 3958 Dio
848 3905 979 3957 XLI
1017 3907 1171 3973 53,1;
1209 3906 1354 3972 58,1)
1394 3937 1455 3942 —-
1497 3904 1686 3957 Manil.
1730 3904 1786 3956 II
1823 3908 1891 3957 48
1932 3904 2026 3957 Sil.
2058 3904 2115 3956 II
2144 3906 2246 3956 297
2280 3904 2416 3957 Stat.
2448 3902 2549 3955 Th.
2584 3903 2642 3955 II
2668 3905 2771 3955 339
2800 3904 2999 3959 Alcim.

601 3993 745 4045 Avit.
783 4008 812 4044 c
872 3993 957 4045 III
995 3995 1063 4045 85
1103 3992 1182 4045 IV
1221 3995 1288 4045 33
1323 3990 1540 4044 foedere
1575 3998 1736 4057 rupto

494 4082 526 4133 5
602 4080 723 4133 Sen.
765 4082 934 4147 epigr.
979 4083 1096 4148 19,5
1136 4081 1332 4134 Baehr.
1370 4080 1541 4133 versis
1579 4080 1784 4133 viribus
1820 4081 1968 4133 orbis
2004 4078 2250 4131 incubuit
2285 4078 2415 4131 belli
2452 4083 2569 4129 tota
2613 4078 2770 4131 ruina
2806 4086 2992 4133 octav.

602 4171 706 4221 518
736 4168 788 4221 R
841 4184 1136 4221 concussus
1174 4170 1321 4222 orbis
1363 4169 1567 4221 viribus
1608 4167 1867 4221 Prudent.
1904 4168 2045 4220 ham.
2086 4169 2188 4218 238
2225 4165 2541 4231 quassantia
2576 4166 2779 4220 viribus
2817 4170 2999 4222 orbem

495 4261 526 4311 5
600 4273 680 4324 sq.
721 4257 845 4309 Sen.
876 4256 1086 4309 Phoen.
1115 4259 1220 4309 298
1259 4263 1468 4309 certant
1503 4256 1559 4308 in
1597 4272 1752 4309 omne
1788 4255 1998 4308 facinus
2032 4256 2250 4307 Arator.
2289 4255 2316 4307 I
2354 4258 2459 4307 420
2492 4252 2553 4306 fit
2591 4269 2869 4309 commune
2907 4274 2999 4310 ne-

599 4344 682 4397 fas
705 4376 774 4383 —
803 4344 964 4411 Verg.
994 4360 1043 4411 g.
1074 4345 1101 4396 Ι
1129 4347 1232 4397 489
1260 4346 1402 4397 inter
1429 4361 1548 4399 sese
1575 4346 1799 4411 paribus
1825 4358 2143 4395 concurrere
2169 4344 2293 4397 telis
2324 4344 2595 4397 Romanas
2631 4344 2774 4397 acies
2803 4344 2999 4399 iterum

599 4432 782 4486 videre
820 4431 1070 4499 Philippi
1109 4434 1174 4485 A.
1212 4433 1292 4485 IV
1329 4435 1433 4485 628
1470 4433 1633 4485 litora
1667 4432 1921 4485 litoribus
1958 4432 2247 4499 contraria,
2287 4473 2297 4485 .
2338 4473 2349 4485 .
2390 4447 2539 4484 arma
2576 4432 2739 4485 armis

497 4524 531 4574 6
605 4536 686 4586 sq.
725 4522 868 4574 Enn.
913 4538 1036 4575 ann.
1075 4520 1180 4575 570
1216 4522 1282 4573 V.
1320 4521 1434 4587 pila
1477 4519 1839 4573 retunduntur
1876 4519 2215 4574 venientibus
2264 4522 2422 4574 obvia
2465 4520 2593 4587 pilis
2634 4520 2755 4573 Sen.
2793 4519 2998 4573 Phoen.

599 4610 706 4661 414
779 4610 935 4676 signa
1017 4610 1247 4663 conlatis
1319 4608 1520 4661 micant
1596 4609 1773 4661 vicina
1838 4609 2007 4677 signis
2052 4610 2173 4662 Val.
2230 4609 2307 4661 VI
2358 4612 2461 4662 403
2517 4626 2742 4676 quorum
2788 4610 3001 4677 agmina

600 4698 746 4764 pilis,
813 4714 1042 4764 quorum
1078 4699 1277 4765 aquilis
1315 4699 1586 4764 utrimque
1623 4698 1824 4750 micant
1863 4708 1874 4745 ‹
1907 4697 2050 4751 laud.
2088 4698 2139 4751 b.
2180 4697 2323 4751 Gild.
2362 4699 2389 4751 I
2416 4701 2518 4750 247
2558 4699 2712 4765 signa
2748 4740 2761 4755 .
2800 4742 2811 4754 .
2841 4702 3000 4754 obvia

601 4787 862 4846 Prudent.
929 4786 1070 4840 ham.
1129 4791 1231 4841 567
1288 4788 1456 4855 signis
1513 4788 1786 4840 contraria
1838 4787 1991 4855 signa
2034 4788 2285 4853 ‘paternis
2342 4786 2560 4854 Coripp.
2603 4787 2744 4841 Just.
2777 4789 2995 4845 111345

602 4875 756 4942 signa
792 4876 935 4927 meis
975 4915 988 4928 .
1029 4918 1039 4928 .
1081 4876 1351 4929 contraria
1387 4876 1557 4942 signis
