3663 5495
1713 472 2128 536 ...26-

791 657 907 720 105
997 657 1289 740 Assyrias
1334 657 1516 720 Latio
1565 651 1906 722 maculavit
1950 657 2259 737 sanguine
2302 656 2592 733 Carrhas

994 758 1287 823 Parthica
1333 759 1659 824 Romanos
1703 759 2030 823 solverunt
2075 759 2306 822 damna
2350 757 2614 824 furores,

994 860 1155 924 Plus
1196 859 1302 924 illa
1347 860 1528 924 vobis
1573 861 1726 938 acie,
1771 879 1959 942 quam
2008 862 2282 938 creditis
2327 867 2534 924 actum
2584 866 2732 936 est‚·

995 963 1366 1030 Arsacidae:
1416 963 1648 1027 bellum
1701 963 1883 1028 victis
1927 962 2107 1026 civile
2152 963 2434 1026 dedistis.

994 1065 1312 1129 Dividitur
1329 1063 1532 1128 =ferro
1577 1083 1865 1145 regnum,
1912 1064 2255 1146 populique
2302 1065 2595 1145 potentis,

788 1171 910 1232 110
999 1167 1182 1244 Quae
1225 1186 1419 1238 mare.
1465 1187 1627 1249 quae
1677 1173 1897 1244 terras,
1945 1186 2106 1248 quae
2150 1175 2352 1230 totum
2399 1167 2685 1247 possidet
2728 1168 2971 1245 orbem,

994 1270 1141 1333 Non
1191 1270 1358 1350 cepit
1398 1269 1655 1334 fortuna
1701 1270 1881 1334 duos.
1970 1271 2131 1334 Nam
2178 1271 2443 1351 pignora
2487 1270 2682 1333 iuncti
2818 1257 2825 1264 ’

1005 1372 1343 1452 Sanguinis
1390 1382 1453 1436 et
1499 1374 1636 1436 diro
1681 1371 1911 1436 ferales
1955 1374 2167 1436 omine
2208 1373 2429 1438 taedas

995 1475 1277 1539 Abstulit
1318 1477 1398 1540 ad
1445 1493 1662 1539 manes
1709 1475 2047 1539 Parcarum
2095 1474 2257 1538 Iulia
2303 1494 2491 1540 saeva

998 1577 1356 1658 Intercepta
1395 1597 1606 1642 manu.
1697 1578 1883 1654 Quod
1930 1579 1983 1641 si
2027 1579 2140 1641 tibi
2182 1577 2309 1641 fata
2354 1579 2676 1642 dedissent

662 1736 762 1788 110
799 1695 1047 1786 effu-nei
1068 1696 1145 1803 -U2

662 1894 761 1947 105
797 1893 876 1945 IV
909 1894 1006 1945 181
1045 1891 1346 1944 maculatus
1383 1890 1642 1957 sanguine
1680 1888 1835 1943 miles
1868 1889 1985 1942 Cat.
2016 1889 2201 1942 LXIII
2230 1892 2261 1941 7
2300 1890 2561 1956 sanguine
2599 1891 2879 1944 maculans
2915 1890 3082 1956 Prop.
3114 1888 3194 1941 IV

807 1982 959 2046 10,43
995 1980 1288 2032 maculanti
1307 1996 1349 2033 s.
1370 1980 1562 2032 bracas
1592 1978 1688 2032 Ov.
1718 1995 1786 2031 m.
1825 1977 1870 2044 (l
1897 1980 2025 2046 719)
2064 1978 2174 2031 VII
2195 1981 2298 2032 315
2327 1978 2430 2030 XV
2454 1981 2551 2032 107
2578 1980 2911 2048 macula(vit)
2932 1997 2974 2034 s.
2998 1980 3199 2034 sermm

802 2067 896 2121 Sil.
925 2067 961 2117 ΙΙ
992 2071 1025 2121 6
1051 2069 1281 2136 patricio
1308 2068 1590 2122 Cremerae
1627 2067 1917 2119 maculavit
1946 2083 1988 2120 s.
2016 2067 2163 2132 ripas
2190 2069 2293 2119 617
2321 2068 2595 2121 maculant
2629 2077 2857 2137 cognato
2895 2086 2937 2124 S.
2977 2070 3199 2125 dextras

799 2155 911 2207 XII
952 2156 1015 2207 17
1053 2155 1335 2209 Maeonios
1376 2155 1514 2208 Italo
1553 2155 1839 2208 sceleravit
1876 2156 2136 2222 sanguine
2172 2155 2368 2209 fluctus
2410 2157 2627 2226 Coripp.
2667 2159 2783 2213 Ioh.
2826 2159 2906 2212 IV
2942 2162 3045 2212 242
3083 2175 3195 2213 ma-

801 2243 1002 2296 culavit
1038 2259 1081 2297 s.
1119 2259 1333 2297 mensas
1372 2244 1514 2296 VIII
1551 2247 1654 2297 388
1691 2242 1937 2296 Romano
1978 2286 1987 2297 .
2029 2287 2039 2297 .
2078 2245 2405 2298 maculatum
2442 2253 2526 2301 est
2562 2263 2605 2301 S.
2632 2246 2831 2300 ferrum
2871 2247 3055 2318 Sidon.
3093 2251 3197 2317 Ap.

800 2346 842 2382 c.
883 2331 976 2383 IX·
1001 2334 1096 2384 251
1143 2332 1463 2386 Crassorum
1500 2340 1554 2386 et
1595 2332 1842 2386 madidas
1881 2348 2070 2386 cruore
2112 2335 2345 2388 Carrhas

663 2417 764 2470 109
805 2416 926 2470 Sen.
963 2426 1072 2471 nat.
1113 2428 1318 2486 quaest.
1359 2437 1440 2488 pr.
1471 2425 1505 2475 8
1542 2421 1678 2474 illud
1713 2430 1972 2489 punctum
2016 2465 2028 2478 .
2066 2465 2077 2476 .
2118 2421 2261 2475 ferro
2300 2427 2353 2474 et
2390 2422 2512 2489 igne
2548 2420 2807 2476 dividitur
2842 2452 2912 2459 —
2950 2426 2981 2474 2
3022 2424 3119 2478 Ov.
3158 2423 3195 2477 f.

800 2505 850 2557 V
887 2509 992 2559 729
1025 2509 1214 2576 populi
1252 2509 1470 2563 fortuna
1502 2511 1744 2578 potentis

665 2595 767 2646 110
804 2594 964 2648 Lucr.
993 2596 1010 2645 l
1037 2597 1142 2649 278
1171 2613 1309 2663 quae
1337 2614 1500 2665 mare,
1539 2616 1676 2666 quae
1704 2607 1898 2666 terras,
1936 2615 2073 2668 quae
2098 2599 2260 2666 Verg.
2290 2600 2357 2650 A.
2384 2598 2402 2648 l
2443 2599 2549 2650 236
2577 2597 2669 2663 qui
2697 2611 2860 2664 mare,
2889 2598 2980 2664 qui
3020 2605 3195 2650 terras

800 2683 943 2735 omni
982 2682 1192 2759 dicione
1229 2693 1476 2740 tenerent
1519 2688 1658 2741 Ciris
1701 2691 1802 2743 196
1843 2705 1979 2757 quae
2015 2703 2179 2755 mare,
2219 2702 2357 2755 quae
2398 2685 2494 2739 Ov.
2532 2701 2599 2737 m.
2639 2685 2654 2733 Ι
2695 2686 2798 2736 257
2837 2700 2904 2737 ex
2931 2684 2992 2738 P.
3025 2687 3043 2735 1
3076 2687 3196 2753 10,9

802 2773 993 2841 quo(d)
1038 2791 1200 2841 mare,
1249 2776 1433 2843 quo(d)
1489 2778 1652 2832 tellus
1690 2779 1836 2832 Petr.
1892 2780 2039 2843 119,1
2094 2778 2278 2829 orbem
2326 2775 2432 2826 iam
2478 2778 2650 2826 totum
2699 2773 2871 2825 victor
2915 2772 3194 2829 Romanus

800 2862 1051 2931 habebat,
1089 2879 1196 2931 qua
1230 2881 1394 2933 mare,
1433 2882 1541 2933 qua
1578 2873 1772 2935 terrae,
1812 2884 1920 2935 qua
1956 2866 2108 2921 sidus
2143 2864 2311 2918 currit
2342 2870 2629 2929 utrumque
2664 2861 2829 2915 Prud.
2870 2862 3054 2930 apoth.
3087 2865 3189 2916 153

803 2952 894 3017 qui
928 2968 1091 3019 mare,
1128 2954 1218 3020 qui
1255 2961 1447 3022 terraS,
1486 2956 1578 3023 qui
1615 2988 1685 2995 —
1723 2957 1833 3009 VII
1871 2959 1977 3010 419
2021 2956 2204 3009 orbem
2252 2950 2499 3019 possedit
2536 2951 2632 3004 Ov.
2668 2967 2737 3003 m.
2776 2950 2881 3002 VII
2932 2954 3000 3004 59
3045 2958 3194 3005 totus

798 3040 1044 3105 possidet
1079 3042 1224 3096 orbis
1266 3043 1452 3097 Claud.
1493 3044 1551 3096 in
1587 3043 1712 3099 Rus.
1753 3046 1791 3096 ll
1831 3050 1925 3098 451
1974 3046 2065 3112 qui
2101 3042 2346 3110 possidet
2382 3041 2566 3093 orbem
2620 3040 2785 3107 (Enn.
2829 3037 2944 3092 fab.
2984 3042 3088 3093 285
3125 3039 3193 3093 V.

801 3143 965 3195 mare,
1002 3135 1217 3197 terram,
1243 3132 1450 3184 caelum
1470 3132 1717 3186 contines
1739 3132 1861 3186 Tib.
1890 3133 1970 3185 IV
2001 3134 2153 3198 1,147
2184 3129 2405 3182 Anthol.
2434 3128 2528 3195 lat.
2558 3130 2717 3193 83,46
2746 3128 2986 3181 continet
3010 3129 3195 3182 orbem

802 3214 972 3270 Prisc.
1001 3218 1209 3286 Perieg.
1253 3222 1275 3271 1
1318 3237 1456 3287 quae
1492 3221 1752 3274 mundum
1799 3222 2041 3275 continet
2087 3235 2296 3273 omnem
2335 3218 2499 3270 Prud.
2546 3223 2735 3269 contra
2774 3216 2972 3286 Symm.
3013 3218 3052 3268 ll
3092 3219 3190 3270 811

801 3309 1044 3357 nostrum
1092 3307 1182 3373 qui
1218 3309 1459 3361 continet
1495 3311 1680 3363 orbem
1718 3310 1941 3363 Anthol.
1979 3309 2072 3361 lat.
2114 3310 2305 3374 389,14
2349 3315 2522 3361 totum
2570 3310 2660 3377 qui
2700 3311 2941 3363 continet
2989 3311 3197 3379 orbem)

669 3392 763 3441 111
809 3390 930 3445 Sen.
969 3399 1138 3447 contr.
1169 3394 1208 3444 ΙΙ
1235 3398 1320 3461 6,2
1359 3396 1548 3451 domus
1586 3406 1773 3453 nostra
1806 3399 2119 3451 luxuriosos
2157 3396 2292 3449 duos
2329 3411 2437 3449 non
2482 3397 2629 3462 capit
2667 3396 2789 3451 Sen.
2828 3397 3052 3467 Thyest.
3092 3401 3197 3451 444

804 3496 909 3533 non
947 3482 1094 3549 capit
1129 3498 1350 3549 regnum
1389 3486 1523 3541 duos
1563 3490 1667 3540 534
1716 3487 1912 3553 recipit
1958 3486 2060 3538 hoc
2106 3500 2329 3551 regnum
2379 3484 2514 3537 duos
2560 3499 2643 3551 ep.
2682 3487 2837 3552 2Ο,13
2887 3501 2986 3538 nos
3032 3502 3199 3554 regna

803 3584 912 3620 non
948 3570 1168 3636 capiunt
1205 3571 1329 3627 dial.
1369 3574 1408 3624 ll
1448 3577 1530 3642 2,2
1569 3574 1884 3642 cupiditate,
1933 3590 2091 3641 quam
2128 3579 2277 3626 totus
2316 3574 2463 3627 orbis
2500 3574 2557 3626 in
2594 3580 2705 3627 tres
2742 3573 2949 3629 divisus
3000 3576 3198 3630 satiare

802 3672 910 3709 non
953 3666 1168 3725 poterat
1215 3662 1382 3729 (Plut.
1421 3663 1611 3731 Pomp.
1651 3666 1740 3729 53)
1789 3663 1938 3715 Flor.
1978 3662 2017 3711 ll
2069 3663 2224 3728 13,14
2276 3666 2551 3728 tamquam
2602 3662 2737 3717 duos
2794 3664 2932 3716 tanti
2984 3664 3196 3732 imperii

801 3745 1018 3800 fortuna
1043 3765 1151 3802 non
1178 3758 1394 3817 caperet
1427 3752 1627 3805 Minue.
1651 3753 1838 3805 XVIII
1862 3754 1895 3805 6
1923 3758 2033 3805 tam
2058 3750 2236 3818 magni
2269 3751 2482 3818 imperii
2510 3751 2643 3804 duos
2673 3752 2891 3805 fortuna
2919 3769 3027 3806 non
3054 3755 3198 3821 cepit

807 3834 1025 3903 Coripp.
1075 3837 1191 3891 Ioh.
1241 3839 1318 3891 IV
1354 3842 1422 3892 95
1475 3857 1583 3893 ιιοιι
1638 3841 1816 3907 potuit
1868 3847 2087 3907 portare
2145 3839 2279 3893 duos
2335 3840 2519 3908 (Verg.
2566 3842 2631 3893 A.
2672 3841 2753 3894 IX
2788 3843 2895 3895 644
2934 3842 3081 3895 Curt.
3120 3843 3201 3895 IV

808 3927 956 3989 14,21
999 3926 1079 3978 VI
1115 3928 1202 3993 6,6
1240 3928 1349 3981 VII
1395 3932 1517 3994 8‚12
1558 3929 1679 3982 Sen.
1733 3945 1877 3983 suas.
1921 3931 1932 3978 l
1973 3932 2003 3981 5
2054 3928 2173 3981 Sen.
2216 3928 2373 3981 Herc.
2413 3928 2476 3981 F.
2522 3932 2627 3983 960
2672 3928 2738 3982 de
2790 3930 2910 3982 ben.
2951 3931 3030 3983 VI
3079 3933 3199 3998 31,8

808 4013 942 4067 Stat.
981 4030 1022 4067 s,
1065 4015 1080 4064 l
1125 4018 1235 4083 1,11
1278 4017 1414 4069 Ach.
1455 4017 1472 4065 l
1516 4020 1608 4070 151
1653 4018 1814 4071 Mart.
1854 4018 1960 4071 VII
1997 4019 2152 4084 51,12
2194 4016 2381 4070 Claud.
2419 4018 2474 4068 in
2512 4016 2689 4068 Rufin.
2731 4016 2769 4065 ll
2818 4018 2937 4084 156)

675 4108 764 4157 111
810 4121 928 4171 sqq.
982 4104 1104 4157 Sen.
1153 4104 1280 4159 dial.
1333 4107 1412 4158 VI
1463 4108 1581 4173 14,3
1632 4107 1834 4160 Caesar
1873 4149 1883 4160 .
1925 4148 1937 4161 .
1984 4105 2156 4173 audiit
2203 4105 2501 4159 decessisse
2548 4104 2715 4157 filiam
2760 4105 2981 4171 publica
3017 4120 3197 4158 secum

807 4192 919 4245 fata
954 4193 1256 4246 trahentem
1301 4192 1383 4246 XI
1428 4196 1538 4262 15,1
1579 4195 1718 4249 Vell.
1760 4195 1813 4247 II
1849 4198 1969 4261 47,2
2008 4194 2325 4249 concordiae
2361 4195 2556 4262 pignus
2594 4192 2743 4246 Julia
2780 4193 3013 4247 decessit
3048 4193 3195 4248 Flor.

808 4280 859 4331 II
888 4282 1040 4346 13,13
1067 4290 1238 4334 morte
1268 4283 1465 4350 Juliae‚
1505 4300 1641 4351 quae
1679 4290 1851 4351 nupta
1873 4285 2132 4351 Pompeio
2169 4285 2352 4353 generi
2388 4282 2669 4349 socerique
2711 4282 3051 4337 concordiam
3088 4298 3198 4335 ma-

805 4370 1045 4424 trimonii
1081 4368 1297 4423 foedere
1332 4372 1660 4439 continebat,
1699 4374 1884 4426 statim
1922 4374 2211 4426 aemulatio
2250 4372 2430 4440 erupit
2463 4371 2584 4424 Val.
2624 4370 2770 4424 Max.
2812 4371 2890 4424 IV
2927 4373 3014 4437 6,4
3049 4370 3194 4423 Plut.

804 4458 992 4525 Pomp.
1033 4461 1099 4511 53
1141 4459 1293 4512 Caes,
1333 4462 1401 4512 23
1439 4463 1676 4528 Appian.
1716 4463 1768 4515 b.
1809 4478 1854 4515 c.
1896 4462 1948 4514 II
1990 4464 2054 4514 19
2091 4461 2197 4515 Dio
2236 4462 2336 4515 XL
2376 4466 2444 4515 44

674 4550 774 4599 114
808 4548 970 4614 Prop.
1001 4547 1054 4600 11
1085 4550 1199 4609 1,17
1230 4548 1373 4614 quod
1399 4549 1530 4601 mihi
1559 4550 1638 4603 si.
1663 4591 1674 4602 .
1697 4549 1809 4603 fata
1846 4550 2123 4604 dedissent
2149 4552 2308 4619 Verg.
2340 4554 2403 4605 A.
2426 4551 2534 4612 (III
2556 4553 2680 4613 337)
2710 4549 2791 4601 XI
2824 4550 2922 4601 112
2951 4548 3058 4601 nisi
3082 4547 3195 4601 fata

809 4675 863 4689 ..
892 4635 1170 4690 dedissent
1206 4636 1301 4691 Ov.
1340 4654 1407 4691 m.
1454 4637 1577 4706 (VII
1605 4639 1728 4707 691)
1767 4639 1818 4691 Χ
1861 4642 1959 4693 163
1996 4640 2177 4693 tristia
2214 4640 2259 4694 si
2300 4682 2311 4694 .
2352 4683 2362 4694 .
2400 4640 2514 4693 fata
2550 4638 2827 4692 dedissent
2872 4637 2994 4691 Sen.
3033 4637 3191 4691 Herc.

814 4725 876 4780 Ο.
914 4730 1014 4780 211
1070 4743 1170 4795 pro
1227 4728 1273 4781 si
1329 4729 1594 4782 tumulum
1643 4728 1757 4782 fata
1803 4728 2082 4783 dedissent
2121 4729 2303 4783 Sidon.
2341 4731 2444 4795 Ap.
2484 4744 2529 4779 c.
2568 4727 2616 4778 V
2658 4728 2749 4780 181
2792 4727 2959 4779 vitam
2995 4732 3109 4779 tum
3146 4726 3193 4781 si

807 4816 908 4869 tibi
954 4817 1068 4870 fata
1104 4817 1381 4871 dedissent
1423 4818 1640 4885 Coripp.
1683 4818 1808 4871 Joh.
1850 4818 1928 4871 IV
1965 4821 2071 4871 484
2109 4819 2155 4871 si
2191 4817 2304 4871 fata
2338 4816 2614 4871 dedissent
2648 4817 2941 4883 longaevos
2980 4817 3036 4867 in
3073 4816 3193 4869 luce

810 4904 924 4959 dies
960 4922 1120 4960 carm.
1165 4908 1329 4973 epigr.
1369 4909 1525 4973 475‚5
1565 4906 1710 4974 quod
1747 4908 1794 4960 si
1831 4906 1946 4961 fata
1981 4908 2112 4960 mihi
2152 4908 2427 4962 dedissent
2462 4908 2582 4960 luce
2619 4906 2799 4959 videre
2840 4907 3063 4971 1636,21

3618 526 3635 565 1-
