3663 5495
1745 453 2124 516 ..6-

658 637 787 703 fido
832 640 1166 704 cohaerere
1222 640 1410 720 Verg.
1457 657 1515 720 g.
1561 640 1594 703 Ι
1646 641 1759 703 107
1808 640 2188 702 morientibus
2232 650 2457 701 aestuat
2501 640 2694 704 herbis
2733 647 2798 704 et
2840 640 2987 707 Luc.
3030 640 3062 704 Ι
3111 643 3190 704 16

640 742 1055 826 flayrantibus
1113 754 1339 806 aestuat
1402 742 1585 817 hob-is,
1651 742 1940 824 quamvis
2001 742 2482 806 commissuram
2535 742 2828 822 equidem
2885 743 3188 825 suspicer.

660 845 838 910 Talia
880 845 1128 910 vincula
1172 845 1376 926 magis
1422 831 1782 909 sentiuntur
1841 863 2028 926 quam
2085 849 2572 925 cognoscuntur,
2638 855 2702 908 et
2761 863 2990 910 sensus
3046 845 3194 910 licet

661 967 851 1030 saepe
906 948 1177 1029 decipiat
1243 947 1441 1011 multa
1498 948 1709 1011 animo
1763 947 1998 1011 rectius
2042 948 2362 1012 odoratur.
2453 945 2758 1010 Sexcenta
2814 967 2964 1012 vero
3023 953 3192 1012 certe

663 1052 765 1116 vel
808 1070 916 1116 sex
971 1051 1145 1115 milia
1188 1051 1636 1131 congruentiae
1682 1051 1852 1114 iusta
1906 1049 2190 1130 exempla
2243 1049 2462 1113 oculos
2506 1051 2606 1114 vel
2649 1051 2809 1132 Argi
2852 1053 2986 1115 acie
3027 1052 3192 1115 intu-

662 1159 841 1217 entes
883 1152 1244 1217 fefellerunt
1286 1169 1665 1233 semperque
1707 1150 1944 1216 fallent.

871 1255 969 1318 De
1012 1254 1129 1318 hac
1173 1252 1540 1318 difficultate
1595 1252 1939 1318 auferenda
1985 1272 2125 1317 cum
2172 1253 2347 1334 leges
2393 1254 2528 1317 dari
2581 1261 2914 1335 nequeant,
2969 1256 3050 1320 ad
3105 1255 3193 1318 al-

664 1362 863 1420 teram
909 1363 1327 1435 transeamuS,
1372 1375 1495 1438 qua
1540 1373 1703 1436 quae
1746 1355 2082 1419 videantur
2127 1373 2270 1419 esse
2314 1356 2703 1420 imitationes
2733 1356 2934 1421 minui
2965 1363 3028 1422 et
3053 1356 3189 1421 tolli

665 1458 809 1522 dixi.
895 1458 1115 1522 Multis
1160 1460 1326 1523 enim
1375 1458 1548 1534 lociS,
1592 1457 1823 1538 quibus
1864 1457 2228 1521 litterarum·
2249 1458 2696 1522 concordantia
2725 1466 2944 1539 aperta
2973 1459 3190 1524 oculos

663 1560 893 1624 blande
950 1561 1193 1642 excipit,
1247 1567 1459 1626 tamen
1518 1577 1868 1624 consensus
1927 1578 2054 1623 non
2110 1561 2374 1624 consilio
2428 1579 2544 1624 nec
2609 1561 2954 1626 memoriae
3001 1563 3193 1643 scrip-

664 1662 841 1743 toris,
904 1663 1019 1727 sed
1078 1663 1251 1727 casui
1306 1663 1592 1738 debetur,
1660 1678 1802 1725 cum
1868 1679 1997 1739 eOS,
2063 1663 2171 1742 qui
2224 1663 2481 1726 easdem
2535 1681 2638 1727 res
2705 1671 2940 1741 tenent,
3003 1682 3192 1745 saepe

666 1765 885 1828 eadem
931 1765 1125 1828 verba
1168 1784 1296 1829 non
1342 1765 1517 1829 iussa
1562 1769 1927 1844 sequantur.
2014 1763 2345 1828 Bismarck
2390 1783 2530 1830 cum
2578 1764 2750 1830 illam
2795 1785 3015 1831 vocem
3051 1767 3193 1830 mit·

634 1873 844 1945 teret,
889 1885 1078 1947 quam
1126 1885 1348 1931 omnes
1395 1866 1698 1931 Germani
1742 1872 1979 1929 norunt
2023 1871 2088 1929 et
2130 1872 2380 1947 praeter
2414 1867 2768 1932 Germanos
2799 1867 3012 1932 multi:
3070 1865 3194 1930 Wir

666 1969 961 2032 Deutscke
989 1969 1277 2052 faraman
1310 1969 1468 2036 Gott.
1515 1970 1657 2030 aber
1697 1981 1856 2032 son-st
1898 1969 2084 2030 uiolata
2127 1971 2190 2030 in
2231 1971 2340 2030 der
2383 1969 2545 2047 Welt,
2589 1989 2716 2034 non
2747 1968 3066 2051 profectus
3096 1975 3195 2033 est

662 2071 742 2135 ab
799 2070 1053 2156 Arndtii
1110 2088 1299 2134 versu
1355 2069 1607 2150 (Lieder
1672 2071 1775 2134 fiir
1827 2069 2140 2134 Teutsche
2199 2073 2360 2135 1813
2430 2089 2488 2151 p.
2551 2074 2690 2155 76):
2780 2076 2880 2136 δίε
2933 2075 3046 2155 (sc.
3099 2073 3194 2134 die

664 2175 819 2236 alten
863 2172 1204 2252 Teutscken)
1241 2172 1576 2255 fizrclzteten
1606 2171 1747 2235 Gon
1789 2174 1915 2234 und
1956 2172 2143 2234 nicht-s
2172 2175 2387 2252 temer,
2433 2173 2547 2237 sed
2577 2193 2651 2237 ex
2681 2174 2934 2256 ingenio
2965 2174 3192 2250 hausit,

663 2276 833 2357 quod
857 2275 950 2339 rei
972 2274 1369 2356 temporique
1390 2274 1867 2338 accomodatum
1892 2275 2182 2354 putabat;
2215 2293 2420 2356 neque
2451 2275 2766 2341 helluonis
2796 2276 2982 2354 illius,
3013 2277 3194 2341 cuius

665 2397 899 2443 nomen
944 2379 1114 2458 apud
1160 2377 1348 2442 huius
1392 2377 1617 2441 aetatis
1669 2383 1892 2458 gentes
1931 2378 1995 2440 in
2042 2377 2448 2458 proverbium
2503 2379 2673 2457 abiit,
2735 2379 3012 2444 famulus
3067 2384 3194 2442 sto-

664 2481 1000 2546 machosus
1044 2499 1187 2545 cum
1229 2481 1426 2546 canit:
1471 2481 1634 2542 keine
1676 2479 1840 2541 Ruh’
1887 2480 1978 2542 bei
2031 2480 2159 2561 Tay
2201 2481 2329 2540 und
2379 2478 2595 2558 Nat-kt,
2640 2483 2834 2545 verba
2880 2480 3194 2545 mehercle

664 2585 853 2649 traxit
895 2602 969 2647 ex
1021 2583 1346 2648 Philandri
1392 2583 1470 2646 de
1525 2582 1794 2646 Sittwalt
1858 2569 2225 2659 visionibuS,
2290 2581 2400 2646 ubi
2451 2583 2774 2663 (editionis
2825 2585 2974 2648 anni
3031 2585 3194 2650 1650

665 2688 697 2752 Ι
741 2706 804 2769 p.
848 2689 998 2770 201)
1055 2685 1316 2766 imagini
1369 2684 1657 2749 Invidiae
1708 2684 2029 2766 adscripta
2082 2684 2395 2766 leguntur,
2458 2703 2664 2768 neque
2717 2687 2942 2769 opinor
2988 2705 3062 2751 ex
3108 2687 3196 2753 St.

662 2791 973 2857 Johannis
1017 2808 1191 2871 apoc.
1235 2790 1327 2853 IV
1358 2790 1398 2851 8
1440 2788 1623 2869 (XIV
1658 2789 1794 2869 11):
1841 2790 1968 2849 mid
2002 2787 2200 2849 hatten
2241 2788 2402 2849 keiree
2441 2788 2616 2851 Ruhe
2665 2790 2792 2870 Tay
2821 2791 2948 2851 und
2977 2788 3194 2854 Naclzt.

666 2894 845 2958 Idem
890 2891 1124 2956 factum
1171 2897 1269 2955 est
1309 2890 1478 2971 apud
1522 2892 1817 2971 antiquos
1863 2908 2004 2953 cum
2057 2891 2398 2971 scriptores
2428 2891 2757 2971 pedestres
2788 2897 2924 2955 tum
2956 2897 3198 2972 poetas.

667 2997 830 3060 Nam
885 2995 1055 3076 apud
1109 2993 1227 3057 hos
1287 3000 1352 3055 et
1405 2991 1652 3071 legibus
1710 2993 2022 3055 sermonis
2080 2993 2322 3057 astricti
2363 2999 2426 3056 et
2469 2994 2562 3057 rei
2606 2995 2905 3058 metricae
2947 2995 3194 3058 ratione

669 3098 836 3163 ultro
906 3098 1123 3161 eadem
1195 3094 1387 3158 verba
1448 3100 1511 3157 et
1575 3094 1914 3158 verborum
1982 3094 2224 3158 formae
2287 3095 2669 3176 proveniunt
2723 3095 2993 3160 maxime
3065 3096 3198 3160 ido-

668 3220 825 3265 neae
878 3201 958 3264 ad
1015 3216 1217 3280 genus
1276 3216 1761 3278 sermonemque
1814 3197 2132 3278 poeticum
2190 3204 2254 3261 et
2305 3198 2386 3262 ad
2445 3216 2670 3262 versus
2724 3198 3029 3279 regulam,
3083 3216 3200 3263 sua

667 3320 869 3385 paene
922 3308 1147 3383 sponte
1205 3300 1287 3363 ad
1342 3301 1600 3363 eosdem
1655 3318 1953 3363 versuum
2012 3298 2184 3363 locos
2238 3300 2539 3380 migrant,
2598 3300 2821 3363 eodem
2878 3302 3068 3365 modo
3127 3320 3198 3365 se

669 3411 1001 3486 apponunt
1052 3409 1115 3466 et
1170 3408 1522 3483 opponunt,
1585 3419 1711 3482 quo
1766 3401 1856 3478 fit,
1923 3406 1995 3464 ut
2047 3400 2218 3465 haud
2271 3407 2487 3465 coacta
2539 3419 2790 3465 summa
2850 3403 3197 3467 similitudo

669 3512 981 3571 nascatur.
1071 3504 1275 3581 Quam
1331 3522 1618 3567 normam
1677 3504 1739 3566 in
1795 3522 2038 3585 omneS‚
2093 3504 2363 3567 maxime
2407 3522 2557 3568 vero
2602 3505 2665 3567 in
2713 3504 2971 3569 ultimos
3014 3506 3198 3570 hexa-

669 3609 857 3672 metri
900 3606 1096 3687 pedes
1142 3607 1472 3671 caderein
1524 3605 1811 3670 confesso
1859 3614 1973 3683 est,
2016 3606 2124 3670 ubi
2170 3605 2422 3687 legibus
2467 3608 2592 3670 iam
2625 3608 2817 3671 tironi
2851 3608 3198 3674 decantatis

669 3710 954 3787 efficitur,
1012 3717 1085 3773 ut
1136 3709 1330 3773 verba
1382 3709 1690 3789 quaedam
1737 3708 2173 3787 excludantur,
2234 3710 2610 3774 adamentur
2663 3710 2787 3774 alia
2839 3717 2903 3775 et
2956 3711 3198 3793 praefe-

667 3820 919 3890 rantur3
971 3813 1185 3892 itaque
1238 3811 1342 3875 hic
1384 3829 1607 3875 omnes
1650 3818 1878 3891 poetae
1923 3810 2143 3874 eadem
2190 3813 2384 3875 verba
2428 3820 2727 3893 repetunt
2770 3831 2897 3876 non
2942 3821 3199 3878 auctore

666 3916 879 3995 aliquo
922 3910 1197 3990 adducti,
1243 3914 1357 3978 sed
1400 3916 1778 3978 necessitate
1818 3916 2006 3978 metri
2046 3921 2157 3979 aut
2199 3914 2522 3991 facilitate;
2568 3934 2775 3997 neque
2819 3917 2943 3980 nisi
2981 3918 3196 3998 singu-

666 4018 882 4081 laritas
918 4016 1225 4096 quaedam
1258 4018 1514 4097 propria
1542 4016 1836 4080 dictionis
1866 4018 2124 4094 accedit,
2171 4018 2319 4081 talia
2351 4019 2720 4081 imitationis
2752 4018 2941 4082 fidem
2973 4017 3196 4083 fulcire

667 4127 953 4202 possunt.
1042 4120 1183 4196 Qua
1226 4120 1291 4181 in
1336 4136 1406 4181 re
1449 4119 1600 4199 quid
1648 4119 1732 4182 sit
1778 4119 2116 4199 singulare,
2158 4119 2410 4184 difficile
2456 4128 2555 4184 est
2598 4119 2887 4187 discerni.
2948 4124 3198 4184 circum-

668 4237 837 4287 sonat
882 4225 1079 4306 (mor)
1132 4224 1319 4284 armis
1361 4229 1425 4285 et
1463 4223 1755 4303 tapetibus
1802 4223 1938 4284 altis
1991 4223 2162 4304 apud
2210 4223 2562 4303 Vergilium
2611 4225 2684 4287 A.
2732 4223 2893 4288 VIII
2928 4228 3055 4288 474
3101 4224 3196 4288 IX

668 4329 791 4389 325
839 4331 903 4389 et
948 4325 1247 4389 Ovidium
1294 4331 1369 4387 tr.
1415 4323 1505 4387 IV
1555 4326 1779 4401 10‚111
1830 4325 1885 4389 V
1932 4328 2070 4403 3,11
2118 4336 2262 4390 met.
2296 4326 2460 4391 XIII
2493 4328 2617 4391 638
2665 4327 2819 4391 satis
2860 4346 3004 4390 rara
3047 4332 3196 4391 sunt

668 4428 955 4509 exempla
1021 4445 1306 4508 quaeque
1374 4423 1759 4508 persuadere
1825 4430 2099 4508 possint3
2159 4429 2436 4512 frenasse
2497 4430 2784 4491 dracones
2849 4448 2990 4493 cum
3065 4449 3191 4493 non

668 4531 1164 4610 uniuscuiusque
1218 4530 1317 4606 sit,
1369 4528 1639 4593 fortasse
1685 4529 1817 4594 Val.
1863 4529 1895 4592 I
1943 4532 2022 4593 68
2077 4550 2150 4594 ex
2197 4532 2426 4596 Ovidio
2472 4536 2548 4594 tr.
2594 4530 2697 4593 III
2744 4533 2843 4608 8,3
2899 4533 3196 4613 desump-

670 4636 779 4711 sit3
841 4639 908 4696 at
954 4632 1106 4711 flore
1163 4633 1423 4693 iuventae
1476 4630 1659 4693 multi
1722 4631 1911 4693 etiam
1977 4633 2114 4696 sine
2165 4633 2446 4713 Vergilio
2502 4633 2575 4699 A.
2648 4633 2773 4697 VII
2842 4636 2962 4698 162
3035 4635 3194 4699 VIII

672 4738 792 4801 160
837 4734 1191 4815 procudere
1234 4739 1596 4814 potuerunt,
1655 4740 1718 4798 et
1761 4736 2002 4798 Auson.
2057 4742 2297 4816 parent.
2343 4736 2471 4799 VII
2528 4740 2564 4799 5
2621 4755 2681 4817 p.
2727 4738 2809 4798 34
2854 4736 2922 4803 P.
2971 4738 3198 4815 floren-

671 4840 821 4900 tibus
863 4838 1036 4899 aunis
1082 4838 1217 4900 sine
1265 4836 1463 4900 Statio
1524 4854 1571 4899 S.
1631 4834 1734 4898 III
1788 4838 1948 4912 5:23,
2016 4839 2114 4901 vix
2162 4845 2374 4903 tamen
2441 4839 2608 4903 idem
2661 4844 2899 4921 parent.
2970 4839 3196 4903 XXIII
