3663 5495
1750 485 1833 494 .-.,
1924 452 2003 512 18
2092 485 2172 496 „-

1030 631 1241 711 Signa,
1286 649 1478 711 pares
1520 631 1761 712 aquilas
1805 641 1869 696 et
1909 633 2034 713 pila
2081 635 2384 700 minantia
2429 637 2593 717 pilis,

1196 732 1357 809 Quis
1400 733 1594 811 furor,
1635 752 1674 798 o
1717 735 1904 812 cives,
1945 755 2106 817 quae
2151 743 2324 802 tanta
2368 738 2530 803 licen
2543 740 2629 803 tia
2673 738 2829 804 ferri

1037 833 1353 901 Gentibus
1400 837 1621 901 invisis
1665 838 1911 902 Latium
1952 841 2258 920 praebere
2301 844 2620 905 cruorem!

875 939 951 1001 10
1041 936 1331 1018 Cumque
1376 939 1649 1019 superba
1690 939 1856 1004 foret
1899 941 2180 1024 Babylon
2229 943 2558 1024 spolianda
2603 946 2878 1026 tropaeis

1031 1040 1331 1104 Ausoniis
1376 1043 1723 1123 umbraque
1768 1050 2007 1108 erraret
2053 1044 2324 1110 Crassus
2371 1047 2590 1122 inulta,

1036 1142 1214 1206 Bella
1260 1143 1392 1222 geri
1436 1143 1675 1224 placuit
1718 1145 1925 1210 nullos
1970 1147 2262 1212 habitura
2305 1149 2680 1231 triumphos,

1032 1245 1180 1308 Heu
1231 1256 1535 1326 quantum
1583 1254 1787 1312 terrae
1834 1251 2039 1330 potuit
2081 1251 2414 1333 pelagique
2457 1254 2668 1334 parari

1038 1349 1182 1412 Hoc
1226 1367 1411 1429 quem
1461 1349 1674 1413 civiles
1716 1350 2067 1416 hauserunt
2110 1355 2416 1434 sanguine
2463 1354 2736 1432 dextrae,

878 1457 957 1515 15
1048 1450 1234 1515 Unde
1281 1452 1452 1514 venit
1492 1453 1674 1516 Titan
1719 1461 1781 1516 et
1824 1472 1946 1518 nox
1990 1455 2100 1518 ubi
2143 1457 2352 1521 sidera
2397 1457 2626 1533 condit,

1036 1552 1302 1634 Quaque
1348 1555 1485 1618 dies
1528 1556 1774 1619 medius
1819 1555 2234 1638 flagrantibus
2277 1567 2525 1623 aestuat
2555 1559 2740 1624 'horis

1039 1656 1122 1719 Et
1167 1674 1290 1737 qua
1336 1658 1554 1721 bruma
1603 1659 1815 1739 rigens
1860 1678 1933 1724 ac
1975 1664 2184 1724 nescia
2231 1680 2377 1725 vere
2421 1663 2658 1726 remitti

1039 1759 1352 1839 Astringit
1400 1759 1686 1842 Scythico
1729 1762 2049 1842 glacialem
2096 1761 2331 1844 frigore
2373 1771 2669 1845 pontum:

1040 1860 1169 1924 Sub
1217 1864 1364 1940 iuga
1406 1864 1531 1926 iam
1581 1863 1783 1941 Seres,
1828 1865 1952 1928 iam
2000 1866 2306 1930 barbarus
2351 1868 2507 1930 isset
2551 1867 2810 1944 AraxeS,

736 2084 773 2135 8
845 2081 1059 2136 insania
1093 2081 1223 2134 ferri
1258 2081 1429 2136 Prisc.
1502 2081 1598 2138 cfr.
1636 2083 1796 2152 Verg.
1833 2086 1900 2138 A.
1938 2085 1992 2138 11
2027 2088 2096 2138 42
2133 2085 2239 2138 VII
2274 2089 2374 2141 461
2415 2087 2576 2144 Mart.
2615 2089 2698 2142 IX
2734 2093 2856 2158 70,7

706 2173 771 2224 18
843 2171 1143 2240 schytieum
1178 2169 1394 2238 glaciali
1430 2172 1481 2224 V

734 2395 771 2444 8
841 2392 1001 2460 Verg.
1039 2394 1107 2445 A.
1146 2391 1197 2444 V
1233 2393 1337 2445 670
1376 2391 1497 2459 quis
1544 2391 1694 2445 furor
1737 2391 1844 2445 iste
1891 2394 2105 2446 novus?
2143 2407 2249 2459 quo
2305 2410 2354 2460 g.
2411 2394 2491 2446 IV
2527 2397 2632 2448 495
2685 2395 2808 2463 quis
2853 2399 3037 2449 tantus
3086 2394 3235 2449 furor

849 2481 970 2534 Tib.
1010 2481 1037 2533 I
1077 2482 1231 2546 10,33
1270 2480 1349 2532 IV
1386 2482 1470 2546 3,7
1526 2484 1622 2533 ov.
1667 2495 1737 2533 m.
1785 2480 1874 2532 III
1921 2482 2022 2534 531
2098 2481 2179 2533 VI
2220 2484 2320 2536 170
2375 2496 2478 2536 am.
2530 2482 2618 2536 III
2671 2486 2788 2550 14,7
2844 2489 2946 2538 art.
2993 2484 3082 2536 III
3133 2487 3232 2537 172

845 2571 980 2624 Luc.
1010 2569 1121 2622 VII
1160 2571 1227 2622 95
1270 2568 1405 2622 Stat.
1447 2568 1549 2621 Th.
1588 2568 1670 2620 XI
1705 2570 1809 2620 329
1845 2567 2010 2622 Prud.
2045 2569 2235 2638 psych.
2275 2571 2376 2624 351
2421 2570 2640 2638 Coripp.
2679 2571 2804 2626 Joh.
2833 2562 2976 2624 VIII
3008 2575 3077 2626 56
3114 2572 3233 2639 quis

846 2658 999 2714 furor
1037 2657 1172 2711 Stat.
1201 2656 1303 2710 Th.
1334 2657 1392 2709 II
1418 2658 1520 2708 212
1560 2671 1699 2723 quae
1735 2662 1890 2709 tanta
1924 2657 2146 2710 licentia
2180 2664 2441 2726 monstro,
2479 2659 2602 2728 quis
2639 2657 2794 2713 furor
2830 2665 2916 2712 est
2952 2659 3032 2712 Sil
3068 2660 3096 2712 Ι
3131 2663 3232 2714 385

848 2763 988 2815 quae
1029 2752 1183 2801 tanta
1216 2745 1437 2799 licentia
1476 2745 1587 2799 voti
1628 2744 1807 2799 Sedul.
1846 2745 1875 2798 I
1902 2749 2005 2801 245
2045 2745 2166 2814 quis
2203 2745 2354 2801 furor
2389 2754 2489 2815 est,
2527 2763 2666 2816 quae
2705 2754 2860 2802 tanta
2892 2747 3102 2803 animos
3145 2747 3231 2802 de-

842 2835 1047 2889 mentia
1073 2834 1331 2889 Dracont.
1370 2834 1420 2886 V
1456 2838 1479 2886 1
1524 2833 1645 2901 quis
1681 2832 1833 2888 furor
1866 2834 1970 2888 iste
2005 2850 2194 2901 novus,
2231 2851 2368 2902 quae
2405 2842 2558 2889 tanta
2591 2836 2814 2890 licentia
2850 2835 2980 2890 ferri
3017 2837 3226 2903 Coripp.

849 2924 883 2977 J
887 2923 977 2978 oh.
1023 2923 1112 2975 III
1150 2926 1221 2976 34
1258 2939 1397 2990 quae
1433 2929 1586 2977 tanta
1619 2923 1834 2977 insania
1868 2924 2014 2991 belli,
2051 2924 2174 2991 quis
2210 2923 2361 3003 furor
2395 2926 2632 2994 exarsit3
2670 2924 2766 2979 cfr.
2811 2924 2933 2979 Sen.
2971 2924 3098 2980 dial.
3121 2924 3230 2977 VII

841 3014 960 3078 27‚1
1002 3011 1095 3078 qui
1130 3011 1236 3064 iste
1263 3010 1429 3078 furor,
1468 3027 1605 3078 quae
1641 3012 1750 3065 ista
1778 3053 1791 3066 .
1819 3053 1831 3067 .
1870 3018 2066 3065 natura

720 3103 786 3152 10
860 3098 1048 3153 Claud.
1083 3099 1142 3152 in
1177 3100 1335 3155 Eutr.
1376 3100 1403 3152 I
1441 3102 1543 3154 335
1579 3100 1864 3169 Babylona
1898 3100 2187 3166 superbam

715 3191 777 3241 11
857 3186 954 3241 Ov.
991 3204 1061 3241 m.
1100 3188 1179 3241 IV
1207 3190 1311 3242 443
1341 3195 1525 3242 errant
1551 3230 1563 3243 .
1596 3230 1607 3241 .
1637 3190 1858 3243 umbrae
1879 3189 2006 3257 (XV
2043 3191 2147 3242 798
2187 3187 2322 3242 Stat.
2362 3186 2464 3241 Th.
2503 3187 2556 3240 X
2585 3189 2710 3248 361)
2749 3189 3015 3241 Ammian.
3046 3187 3242 3241 XXIII

861 3278 982 3342 5,17
1020 3291 1120 3329 nec
1156 3292 1402 3329 erravere
1440 3276 1534 3329 diu
1568 3292 1753 3330 manes
1789 3276 1906 3330 eius
1940 3276 2101 3330 inulti

721 3365 785 3415 12
859 3363 1058 3431 Paneg.
1086 3365 1181 3417 lat.
1203 3365 1315 3417 XII
1343 3368 1412 3418 46
1430 3365 1616 3419 vidisti
1637 3365 1849 3418 finitum
1867 3365 2024 3419 civile
2043 3365 2261 3431 bellum,
2290 3363 2377 3417 cui
2396 3362 2682 3415 decernere
2702 3377 2895 3429 posses
2913 3364 3245 3433 triumphum

711 3455 777 3506 13
853 3452 1010 3507 Oros
1047 3453 1127 3505 VI
1168 3455 1322 3519 15,25
1360 3459 1665 3507 contractas
1700 3453 2067 3506 Romanorum
2101 3453 2244 3505 vires
2280 3451 2338 3504 in
2391 3451 2597 3518 campis
2630 3451 2964 3507 Pharsalicis
2999 3452 3071 3505 ad
3105 3452 3246 3506 occi-

849 3540 1058 3595 sionem
1090 3546 1332 3593 mutuam
1381 3541 1709 3609 constitisse,
1762 3556 1898 3607 quas
1946 3541 1992 3594 si
2039 3540 2328 3595 concordia
2361 3539 2612 3606 rexisset,
2667 3540 2804 3593 nulli
2851 3539 3057 3607 populi,
3108 3539 3247 3592 nulli

846 3644 1000 3697 reges
1038 3627 1179 3683 ferre
1214 3629 1525 3696 potuissent
1559 3629 1727 3698 (Plut.
1765 3628 1954 3696 Pomp.
1993 3632 2062 3683 70
2097 3629 2229 3683 Hor.
2268 3644 2313 3683 c.
2355 3629 2382 3681 I
2419 3628 2567 3696 2,22)

719 3722 785 3771 14
856 3719 908 3771 Χ
946 3721 1049 3772 338
1087 3719 1346 3785 sanguine
1394 3717 1613 3771 dextras
1648 3717 1771 3771 Val.
1806 3718 1895 3770 III
1933 3719 2032 3771 391
2073 3715 2393 3769 maduerunt
2429 3714 2692 3783 sanguine
2734 3713 2956 3767 dextrae

721 3810 786 3860 15
858 3807 1019 3875 Verg.
1058 3809 1125 3859 A.
1165 3808 1215 3859 V
1256 3809 1357 3861 126
1394 3806 1632 3860 condunt
1666 3806 1760 3860 ubi
1795 3806 1977 3861 sidera
2011 3805 2124 3859 cori
2153 3805 2343 3857 Manil.
2381 3804 2434 3857 11
2457 3806 2564 3857 836
2601 3800 2794 3856 condit
2832 3800 3013 3855 sidera
3045 3800 3243 3854 mundo

859 3894 981 3947 Sen.
1019 3894 1165 3947 Med.
1204 3897 1309 3949 876
1344 3911 1454 3948 nox
1496 3894 1692 3948 condat
1728 3895 1872 3947 alma
1905 3894 2080 3948 lucem

715 3983 780 4035 16
855 3982 952 4035 Ov.
990 4000 1059 4035 m.
1098 3983 1150 4035 X
1188 3986 1290 4036 126
1328 3990 1511 4036 aestus
1550 3989 1666 4036 erat
1702 3981 2021 4048 mediusque
2057 3980 2173 4035 dies
2212 3980 2300 4032 III
2340 3982 2443 4032 144
2478 3986 2578 4033 art.
2620 3980 2704 4032 Ill
2732 3980 2836 4031 723
2879 3977 3094 4044 iamque
3131 3975 3247 4028 dies

850 4071 1062 4125 medius
1100 4086 1203 4125 am.
1243 4072 1270 4123 Ι
1313 4074 1393 4139 5,1
1446 4078 1630 4126 aestus
1676 4077 1794 4125 erat
1838 4069 2176 4137 mediamque
2223 4068 2339 4122 dies
2388 4074 2640 4135 exegerat
2685 4068 2876 4121 horam
2925 4064 3047 4119 Sen.
3085 4064 3245 4117 Herc.

847 4161 912 4213 F.
952 4162 1055 4214 236
1091 4160 1300 4213 medius
1338 4176 1503 4228 regna
1537 4174 1675 4228 quae
1713 4164 1882 4213 torret
1917 4157 2033 4211 dies
2070 4188 2136 4213 -,-
2177 4160 2283 4209 414
2319 4162 2530 4209 aestuet
2565 4156 2716 4210 horis
2753 4155 2885 4209 Hor.
2921 4169 2968 4207 c.
3003 4153 3087 4205 III
3127 4151 3244 4217 13,9

730 4226 734 4234 ⁴
850 4248 1131 4316 flagrantis
1170 4255 1327 4302 atrox
1361 4249 1498 4302 hora
1538 4247 1827 4301 Caniculae
1864 4247 2025 4313 Verg.
2062 4261 2110 4312 g.
2150 4245 2177 4297 I
2218 4247 2319 4298 107
2354 4244 2710 4298 morientibus
2746 4247 2960 4297 aestuat
2991 4237 3174 4293 herbis

726 4340 788 4390 17
863 4337 983 4391 Val.
1024 4338 1051 4389 I
1107 4340 1211 4391 515
1248 4338 1392 4390 nube
1451 4338 1633 4405 rigens
1684 4352 1747 4391 ac
1800 4335 1987 4390 nescia
2029 4348 2208 4387 rerum
2253 4332 2510 4387 Dracont.
2557 4332 2610 4385 X
2650 4335 2750 4385 172
2792 4338 2846 4385 et
2893 4331 3000 4384 iam
3060 4329 3252 4381 bruma

854 4425 1036 4492 rigens
1072 4456 1141 4465 —
1181 4425 1301 4479 Tib.
1341 4425 1424 4477 III
1462 4427 1551 4491 5,4
1585 4440 1708 4478 vere
1743 4422 1975 4476 remittit
2006 4423 2202 4475 humus
2242 4420 2429 4475 Claud.
2465 4422 2524 4473 in
2561 4419 2741 4473 Rufin.
2769 4419 2822 4472 II
2861 4421 2956 4471 101
2995 4416 3248 4485 zephyris

864 4530 984 4567 cum
1018 4514 1251 4581 primum
1286 4514 1477 4566 bruma
1512 4514 1714 4567 remitti
1751 4553 1763 4565 .
1803 4552 1816 4565 .
1855 4517 2049 4577 coepta

728 4602 793 4653 18
869 4602 965 4655 Or.
1001 4603 1114 4655 her.
1152 4603 1256 4655 XV
1296 4604 1395 4655 112
1432 4602 1715 4655 astrictum
1749 4599 1928 4667 gelido
1965 4596 2161 4664 frigore
2197 4602 2387 4664 pectus
2423 4612 2494 4649 m.
2530 4594 2612 4648 IX
2649 4594 2752 4646 582
2791 4592 3008 4660 glaciali
3051 4591 3249 4658 frigore

868 4707 1065 4758 corpus
1106 4692 1356 4745 German.
1398 4693 1551 4745 Arat.
1592 4690 1670 4742 IV
1706 4691 1775 4741 49
1811 4687 1997 4754 glebas
2033 4700 2066 4737 a
2093 4684 2282 4752 tringit
2317 4683 2516 4751 frigore

720 4782 785 4832 19
858 4796 938 4848 sq.
983 4781 1107 4835 Sen.
1136 4781 1295 4834 Herc.
1329 4781 1392 4834 Ο.
1434 4784 1537 4833 414
1574 4779 1727 4833 cuius
1764 4774 2069 4842 triumphos
2093 4773 2270 4827 ultimi
2301 4771 2460 4824 Seres
2499 4775 2698 4823 canunt
2737 4775 2793 4823 et
2828 4766 3075 4835 quisquis
3111 4766 3252 4819 alius

865 4870 993 4922 orbe
1032 4877 1293 4937 concepto
1331 4870 1472 4923 iacet
1512 4867 1700 4921 Claud.
1737 4881 1929 4934 paneg.
1965 4863 2125 4917 Prob.
2155 4863 2230 4932 (I)
2273 4862 2375 4916 160
2401 4858 2685 4925 Scythicus
2726 4858 3016 4912 famuletur
3041 4856 3254 4907 Araxes
