3663 5495
1502 422 1924 484 -19...

623 598 707 660 20
797 595 884 658 Et
926 613 1101 676 gens
1146 598 1201 661 si
1245 617 1368 678 qua
1412 601 1573 664 iacet
1616 600 1901 665 nascenti
1946 603 2197 664 conscia
2239 603 2402 666 Nilo.

788 698 967 769 Tunc
1012 701 1067 763 si
1111 705 1326 766 tantus
1367 721 1546 766 amor
1588 703 1740 766 belli
1785 703 1919 778 tibi,
1964 703 2186 779 Roma,
2228 703 2500 782 nefandi,

790 801 1020 864 Totum
1068 802 1187 866 sub
1233 803 1444 868 Latias
1488 804 1663 886 leges
1710 823 1854 869 cum
1900 805 2150 868 miseris
2193 803 2432 880 orbem,

794 901 871 965 In
917 907 981 966 te
1025 909 1203 967 verte
1245 923 1503 983 manus;
1546 907 1831 971 nondum
1880 907 1996 970 tibi
2040 904 2239 970 defuit
2285 903 2503 969 hostis.

788 1005 875 1066 At
918 1022 1085 1068 nunc
1129 1006 1449 1071 semirutis
1492 1009 1776 1088 pendent
1820 1008 1989 1089 quod
2037 1009 2288 1072 moenia
2332 1009 2512 1072 tectis

626 1109 709 1169 25
797 1106 1081 1172 Urbibus
1126 1107 1346 1173 Italiae
1390 1109 1709 1190 lapsisque
1754 1112 2034 1191 ingentia
2080 1112 2279 1174 muris

792 1207 951 1271 Saxa
994 1211 1201 1274 iacent
1243 1210 1543 1291 nulloque
1587 1211 1817 1275 domus
1861 1212 2126 1275 custode
2169 1219 2422 1277 tenetur

790 1311 999 1375 Rarus
1044 1319 1107 1375 et
1150 1314 1427 1393 antiquis
1470 1313 1786 1377 habitator
1830 1313 1895 1376 in
1940 1314 2207 1378 urbibus
2253 1321 2439 1392 errat,

788 1412 1067 1476 Horrida
1111 1415 1280 1495 quod
1327 1415 1537 1479 dumis
1582 1415 1947 1496 multosque
1991 1416 2232 1479 inarata
2275 1434 2391 1498 per
2434 1435 2636 1480 annos

789 1515 1103 1597 Hesperia
1144 1523 1247 1580 est
1270 1516 1646 1603 ¹desuntque
1692 1535 1925 1581 manus
1967 1520 2374 1599 poscentibus
2417 1521 2602 1597 arvis,

622 1620 701 1682 30
792 1618 936 1682 Non
984 1626 1071 1696 tu,
1112 1619 1352 1700 Pyrrhe
1392 1620 1585 1698 ferox,
1630 1639 1748 1684 nec
1790 1622 1986 1685 tantis
2029 1621 2312 1686 cladibus
2351 1629 2570 1686 auctor

789 1719 1045 1784 Poenus
1089 1722 1235 1800 erit;
1282 1721 1439 1785 nulli
1481 1724 1736 1803 penitus
1782 1723 2167 1787 descendere
2210 1723 2378 1787 ferro

450 1891 524 1948 26
595 1899 849 1946 tenentur
884 1892 1029 1947 ZGC

456 1984 521 2034 31

596 1988 713 2035 erat
749 1982 800 2035 V
842 1981 847 2050 l
890 1981 1194 2036 discindere
1225 1999 1353 2051 pars
1390 1985 1633 2040 codicum

441 2180 519 2234 20

437 2708 508 2761 21

443 2975 521 3027 22

444 3062 514 3115 23

443 3151 515 3203 24

436 3419 515 3472 26

435 3682 513 3734 27

434 3860 514 3913 28

432 4124 511 4178 ;29

431 4388 511 4439 30

435 4742 510 4793 31

593 2176 689 2231 Sil.
730 2177 812 2229 III
850 2179 955 2231 399
1004 2177 1301 2232 stabulanti
1346 2177 1564 2234 conscia
1607 2179 1831 2234 Phoebo
1879 2181 2093 2235 Iuvenc.
2133 2193 2316 2246 evang.
2356 2179 2383 2231 I
2431 2180 2539 2231 224
2583 2193 2714 2246 gens
2751 2219 2764 2231 .
2804 2217 2818 2231 .
2864 2192 2984 2230 sur-

584 2265 735 2334 genti
772 2267 990 2320 conscia
1018 2267 1121 2320 soli
1156 2268 1347 2321 Avien.
1378 2267 1520 2322 desc.
1560 2270 1657 2322 381
1703 2283 1810 2335 qua
1848 2269 2089 2336 surgenti
2123 2275 2302 2322 terrae
2336 2283 2466 2334 pars
2504 2266 2720 2320 conscia
2755 2265 2979 2320 Phoebo

586 2359 671 2407 est
707 2355 915 2410 Auson.
953 2354 1155 2409 Bissul.
1194 2355 1279 2408 III
1313 2360 1345 2409 2
1381 2372 1434 2424 p.
1478 2360 1578 2410 116
1612 2358 1676 2411 P.
1717 2357 1936 2410 conscia
1983 2357 2258 2410 nascentis
2288 2355 2528 2409 Danubii
2562 2353 2750 2409 Claud.
2785 2369 2978 2421 paneg.

586 2441 749 2509 Prob.
786 2442 863 2510 (Ι)
902 2445 969 2495 37
1005 2442 1091 2496 vel
1126 2443 1302 2497 calido
1341 2444 1389 2498 si
1426 2445 1549 2512 quis
1586 2445 1906 2498 coniunctus
1955 2446 2011 2498 in
2057 2461 2159 2498 axe
2193 2450 2506 2500 nascentem
2542 2449 2614 2511 te,
2649 2442 2792 2510 Nile,
2840 2442 2980 2495 bibit

585 2530 643 2582 in
680 2529 859 2584 Rufin.
898 2531 1073 2584 11149
1110 2547 1241 2600 gens
1267 2532 1315 2586 si
1338 2548 1445 2599 qua
1472 2549 1630 2586 carm.
1662 2534 1789 2587 min.
1819 2534 2063 2587 XXVIII
2086 2536 2152 2587 14
2171 2532 2378 2602 (Nilus)
2397 2530 2624 2584 flumina
2645 2529 2980 2597 profundens

584 2619 748 2671 alieni
785 2620 1003 2673 conscia
1039 2620 1175 2673 caeli
1211 2620 1411 2688 Paneg.
1448 2619 1542 2674 lat.
1582 2621 1634 2673 11
1670 2624 1702 2673 2
1739 2621 1960 2675 conscio
1997 2621 2208 2675 occidui
2246 2621 2378 2676 solis
2417 2635 2619 2674 oceano

585 2707 745 2776 Verg.
783 2710 850 2763 A.
888 2708 943 2761 II
982 2711 1047 2762 10
1083 2709 1164 2762 VI
1204 2711 1305 2763 133
1342 2709 1422 2762 XI
1461 2711 1564 2763 323
1610 2709 1742 2765 Hor.
1798 2727 1842 2765 s.
1894 2711 1946 2764 II
1995 2713 2116 2775 1,10
2152 2709 2411 2764 Prudent.
2461 2714 2649 2763 contra
2689 2705 2887 2776 Symm.
2925 2704 2978 2758 11

586 2799 690 2850 335
718 2796 815 2850 sed
842 2797 1029 2866 (quod,
1065 2804 1161 2851 aut
1196 2798 1322 2866 etc.)
1368 2799 1415 2851 si
1461 2804 1646 2851 tantus
1684 2814 1838 2852 amor
1872 2800 2061 2853 Manil.
2101 2799 2188 2852 IV·
2215 2800 2321 2852 228
2359 2803 2544 2851 tantus
2579 2811 2731 2849 amor
2764 2808 2977 2861 pugnae

584 2893 667 2940 est
702 2917 767 2925 -
809 2888 969 2954 Verg.
1012 2890 1080 2941 A.
1117 2887 1224 2940 XII
1260 2890 1365 2940 572
1401 2886 1531 2940 belli
1568 2902 1775 2939 summa
1812 2885 2034 2939 nefandi

592 2973 755 3041 Verg.
793 2975 859 3028 A.
900 2973 979 3026 IV
1016 2976 1115 3027 231
1155 2980 1328 3028 totum
1366 2974 1466 3027 sub
1502 2974 1649 3040 leges
1684 2974 1927 3027 mitteret
1962 2975 2145 3028 orbem

590 3062 724 3116 Stat.
765 3062 867 3115 Th.
905 3063 1016 3115 VII
1057 3065 1157 3116 175
1196 3063 1275 3117 sic
1309 3062 1485 3115 hostis
1522 3060 1694 3116 defuit

586 3166 702 3218 sqq.
744 3150 900 3205 Oros,
926 3151 1038 3204 VII
1077 3154 1196 3219 15,5
1234 3151 1449 3204 Italiam
1483 3150 1799 3217 pestilentia
1835 3157 1988 3203 tanta
2021 3150 2272 3216 vastavit,
2308 3155 2369 3201 ut
2404 3150 2611 3217 passim
2647 3147 2824 3214 villae,
2861 3146 2977 3215 agri

585 3246 747 3306 atque
784 3239 987 3306 oppida
1023 3240 1139 3293 sine
1176 3240 1381 3292 cultore
1418 3245 1579 3307 atque
1618 3238 1930 3292 habitatore
1967 3238 2182 3292 deserta
2218 3238 2276 3291 in
2310 3237 2496 3291 ruinas
2543 3237 2815 3303 silvasque
2852 3250 2978 3289 con-

586 3327 850 3381 cesserint

585 3416 749 3483 Verg.
786 3417 853 3468 A.
892 3415 980 3468 III
1016 3418 1116 3468 221
1160 3415 1310 3469 nullo
1348 3414 1569 3469 custode
1607 3416 1635 3467 Ι
1677 3416 1783 3468 564
1818 3413 2042 3467 custode
2078 3414 2220 3467 tueri
2263 3413 2450 3468 Claud.
2487 3414 2546 3466 in
2579 3412 2737 3465 Eutr.
2775 3410 2834 3462 II
2871 3412 2976 3462 210

581 3510 807 3571 pateant
861 3510 1045 3556 tantae
1089 3504 1255 3557 nullis
1304 3502 1619 3556 custodibus
1666 3503 1830 3555 urbes
1877 3500 2046 3555 Rutil.
2093 3501 2250 3555 Nam.
2298 3501 2326 3553 I
2374 3504 2478 3555 285
2526 3500 2778 3566 antiquas
2825 3495 2976 3549 nullo

583 3592 806 3645 custode
844 3593 1029 3646 ruinas
1066 3593 1259 3645 Alcim.
1298 3592 1443 3644 Avit.
1482 3591 1509 3643 I
1546 3593 1615 3643 54
1649 3590 1800 3643 nullo
1840 3590 2045 3643 cultore
2081 3591 2254 3643 teneri

586 3681 747 3747 Verg.
800 3680 897 3733 ecl.
934 3679 1015 3731 VI
1050 3680 1118 3731 40
1153 3693 1279 3730 rara
1315 3719 1327 3731 .
1367 3718 1379 3731 .
1418 3683 1598 3730 errent
1643 3679 1709 3731 A.
1750 3678 1777 3730 I
1818 3680 1922 3731 578
1969 3678 2193 3732 urbibus
2240 3682 2386 3731 errat
2434 3674 2570 3728 Stat.
2609 3671 2711 3725 Th.
2750 3670 2831 3723 IV
2874 3671 2977 3722 150

585 3784 743 3822 rarus
781 3768 965 3821 vacuis
1001 3767 1277 3820 habitator
1310 3766 1367 3818 in
1403 3767 1547 3820 arvis
1572 3766 1784 3819 Ennod.
1818 3766 1945 3820 dict.
1977 3767 2004 3819 I
2037 3770 2101 3819 18
2128 3782 2182 3833 p.
2211 3767 2371 3832 428,4
2404 3764 2474 3817 H.
2508 3776 2665 3815 rarus
2699 3759 2977 3812 habitator

588 3858 747 3925 Verg.
792 3859 857 3909 A.
898 3856 1040 3909 VIII
1077 3858 1180 3910 348
1224 3855 1446 3909 horrida
1491 3848 1667 3908 durnis
1718 3854 1801 3907 IX
1839 3858 1938 3908 381
1987 3854 2162 3909 dumis
2209 3860 2372 3921 atque
2407 3852 2530 3905 ilice
2565 3849 2720 3917 nigra
2752 3845 2976 3901 horrida

580 3978 652 3986 —
688 3946 850 4013 Verg.
888 3960 937 4011 g.
976 3944 1033 3997 II
1070 3946 1175 3997 208
1210 3943 1409 3996 multos
1445 3943 1640 4011 ignava
1673 3958 1772 4009 per
1808 3959 1980 3997 annos
2017 3946 2084 3998 A.
2107 3943 2164 3995 II
2201 3944 2348 4009 (363)
2385 3943 2488 3993 715
2525 3938 2724 3991 multos
2762 3941 2975 3989 servata

582 4049 680 4101 per
718 4049 889 4089 annos

584 4122 744 4189 Verg.
779 4139 831 4189 g.
871 4124 898 4176 I
936 4128 1039 4179 506
1075 4142 1183 4178 non
1220 4126 1362 4180 ullus
1400 4133 1580 4180 aratro
1616 4126 1811 4194 dignus
1839 4126 2034 4192 honOS‚
2063 4123 2314 4191 squalent
2337 4120 2584 4175 abductis
2610 4133 2739 4172 arva
2765 4115 2972 4171 colonis

580 4212 647 4265 A.
699 4212 781 4265 XI
836 4215 939 4266 379
983 4214 1128 4267 bella
1180 4231 1370 4268 manus
1423 4222 1655 4281 poscunt
1710 4215 1926 4268 Ennod.
1985 4229 2072 4281 op.
2118 4212 2204 4267 III
2251 4213 2347 4264 141
2397 4226 2451 4277 p.
2507 4208 2700 4275 367‚16
2737 4206 2806 4259 H.
2844 4202 2974 4271 quid

581 4299 831 4355 demoror
865 4316 1055 4355 manus
1093 4319 1221 4356 arva
1253 4305 1574 4370 poscentia?

582 4404 661 4457 sq.
699 4390 841 4444 Enn.
880 4407 1002 4446 ann.
1040 4395 1146 4444 274
1181 4392 1246 4445 V.
1286 4399 1342 4445 at
1376 4408 1485 4445 non
1522 4392 1600 4445 sic
1638 4390 1834 4444 dubius
1872 4389 1975 4442 fuit
2009 4388 2186 4443 hostis
2223 4387 2463 4441 Aeacida
2498 4387 2705 4439 Burrus
2742 4380 2891 4433 Flor.
2919 4377 2974 4430 11

579 4480 699 4545 6,11
747 4495 847 4532 nec
905 4481 1227 4534 Hannibalis
1272 4496 1371 4533 nec
1407 4480 1604 4549 Pyrrhi
1642 4478 1747 4531 fuit
1781 4485 1936 4532 tanta
1971 4478 2203 4532 vastatio
2240 4480 2361 4544 9,AE
2397 4474 2633 4527 atrocius
2669 4467 2882 4538 Pyrrho
2918 4471 2973 4518 et

581 4567 887 4620 Hannibale
926 4567 1047 4637 (cfr.
1082 4568 1201 4621 Liv.
1242 4568 1398 4621 XLII
1436 4570 1545 4636 3,6)
1586 4569 1613 4621 1
1652 4571 1771 4634 22,7
1809 4567 1973 4619 huius
2010 4572 2194 4618 tantae
2252 4564 2421 4619 cladis
2475 4567 2664 4615 auctor
2700 4552 2973 4610 Hannibal

581 4655 739 4723 (Hor.
780 4655 936 4721 epod.
973 4656 1106 4709 XVI
1143 4660 1175 4709 3
1213 4672 1331 4724 sqq.
1404 4642 1604 4723 Paneg.
1641 4657 1735 4709 lat.
1778 4655 1886 4708 XII
1923 4656 2016 4721 46)

589 4740 685 4813 Ov.
724 4759 795 4796 m.
833 4743 916 4795 III
953 4747 1021 4797 67
1055 4751 1227 4798 totum
1266 4745 1546 4798 descendit
1581 4746 1638 4798 in
1674 4745 1769 4798 ilia
1805 4744 2007 4797 ferrum
2048 4743 2142 4796 Sil.
2164 4742 2246 4795 111
2267 4741 2370 4793 705
2407 4745 2468 4791 tu
2503 4731 2765 4801 (Poene).
2787 4769 2799 4783 .
2836 4728 2972 4780 nulli

586 4833 859 4899 relinques
915 4832 1079 4884 altius
1116 4834 1391 4887 Ausoniae
1444 4841 1730 4901 penetrare
1783 4833 1842 4885 in
1894 4832 2103 4885 viscera
2155 4830 2330 4898 gentis
2386 4825 2573 4881 Claud.
2610 4822 2662 4874 b.
2712 4817 2832 4871 Get.
2869 4816 2969 4867 601

2551 4939 2612 4993 2*
