3663 5495
2598 491 3218 664 ’“”kmmsso

683 1519 774 1629 In
820 1567 1063 1630 intenta
1115 1567 1223 1630 illa
1268 1572 1332 1631 et
1382 1568 1639 1632 assidua
1693 1587 1861 1645 cura,
1919 1587 2106 1649 quam
2161 1568 2351 1632 hodie
2408 1568 2882 1650 perscrutandis
2934 1574 3000 1632 et

468 1669 899 1756 examinandis
958 1669 1209 1749 scriptis
1261 1669 1695 1734 Romanorum
1739 1670 2044 1752 philologi
2085 1671 2478 1752 impendunt,
2522 1671 2692 1736 haud
2731 1689 2996 1752 parvum

468 1771 775 1852 temporis
819 1776 884 1834 et
930 1771 1183 1835 sudoris
1211 1771 1277 1835 in
1309 1772 1701 1852 expedienda
1729 1773 2100 1853 quaestione
2128 1772 2237 1837 illa
2263 1773 2658 1855 insumptum
2689 1779 2802 1850 est,
2848 1792 2999 1854 qua-

467 1880 655 1937 tenus
677 1873 1057 1954 quicumque
1085 1874 1250 1938 inter
1278 1874 1436 1938 alios
1466 1875 1749 1952 eminuit,
1780 1894 1924 1940 011111
1943 1876 2021 1940 118
2045 1875 2392 1953 cohaereat,
2421 1877 2530 1956 qui
2557 1876 2623 1939 in
2650 1876 2871 1940 eadem
2897 1875 2998 1940 vel

350 2009 355 2014 ·
467 1977 752 2058 proxima
796 1976 1054 2056 regione
1092 1977 1539 2041 antistiterunt.
1626 1978 1771 2042 Non
1804 1979 1996 2042 modo
2041 1979 2194 2060 quid
2223 1977 2690 2059 exemplaribus
2721 1979 2998 2056 GraeciS,

467 2096 629 2159 quae
683 2083 755 2141 ut
807 2077 1033 2142 diurna
1094 2085 1525 2161 nocturnaque
1584 2098 1775 2144 manu
1830 2088 2252 2159 versarentur,
2311 2082 2499 2145 etiam
2561 2086 2811 2162 praeter
2865 2080 2998 2144 Ho-

471 2181 706 2246 ratium
752 2179 937 2244 multi
981 2179 1344 2262 flagitarunt
1386 2188 1451 2246 et
1492 2181 1853 2262 effecerunt,
1899 2184 2051 2265 quid
2097 2185 2230 2248 suis
2275 2183 2516 2248 viribus
2545 2183 2819 2246 Romani
2863 2182 2998 2246 uni-

468 2283 634 2348 versi
690 2283 1041 2360 debuerint,
1096 2284 1207 2347 sed
1262 2284 1448 2348 etiam
1510 2304 1633 2365 qua
1689 2286 2074 2350 inventionis
2130 2285 2428 2350 felicitate
2484 2291 2549 2348 et
2611 2285 2998 2366 proprietate

470 2385 703 2466 singuli
746 2387 846 2449 usi
892 2384 1034 2462 sint,
1076 2385 1299 2450 sedulo
1345 2392 1409 2450 et
1452 2387 1701 2451 curiose
1730 2388 2147 2469 perquisitum
2181 2394 2294 2452 est.
2335 2439 2342 2446 .
2383 2387 2608 2468 Neque
2651 2405 2846 2468 opera
2887 2392 2999 2451 aut

464 2487 677 2552 oleum
724 2487 937 2568 periit3
986 2505 1132 2550 nam
1178 2488 1259 2552 ad
1302 2489 1537 2553 rectius
1572 2490 2038 2555 aestimandum
2085 2497 2150 2554 et
2192 2491 2390 2555 totius
2436 2491 2642 2570 gentis
2686 2496 2751 2553 et
2779 2490 2998 2554 unius-

464 2590 773 2671 cuiusque
818 2590 1144 2670 scriptoris
1187 2591 1510 2672 ingenium
1557 2598 1622 2655 et
1663 2590 2026 2656 facultatem
2069 2591 2315 2656 lucrum
2363 2591 2533 2654 haud
2579 2591 2877 2671 exiguum
2923 2609 2996 2654 ex

465 2693 563 2759 his
594 2693 820 2758 studiis
849 2693 1157 2775 provenit.
1245 2694 1319 2759 In
1352 2695 1429 2759 iis
1458 2693 1640 2761 facile
1685 2683 2091 2761 observatum
2139 2700 2236 2760 est
2280 2694 2604 2760 Romanos
2649 2710 2994 2775 numquam

464 2796 791 2861 dubitasse
844 2796 924 2860 ab
980 2798 1090 2875 018,
1144 2799 1253 2878 qui
1308 2805 1793 2878 antecesserant,
1848 2808 1919 2863 ut
1972 2818 2078 2864 res
2122 2808 2188 2863 et
2237 2803 2610 2879 argumenta
2660 2798 2750 2861 ita
2806 2797 2996 2861 etiam

462 2899 655 2963 verba
686 2905 749 2962 et
792 2899 1127 2963 dictionem
1175 2902 1468 2979 mutuari,
1512 2902 1702 2983 idque
1746 2904 2018 2966 maxime
2047 2900 2280 2966 factum
2314 2919 2456 2965 esse
2497 2919 2536 2963 a
2574 2900 2806 2980 poetis3
2848 2917 2995 2962 nam

462 3004 708 3062 tantum
754 2998 973 3076 abfuit,
1018 3006 1089 3064 ut
1131 3001 1251 3066 hoc
1296 3003 1416 3067 sibi
1460 3005 1611 3068 vitio
1658 3005 1899 3081 darent,
1955 3010 2027 3068 ut
2069 3006 2156 3068 ita
2199 3004 2340 3077 illis,
2396 3002 2625 3090 quibus
2671 3019 2740 3065 se
2797 2999 2996 3081 appli-

467 3100 711 3177 cabant,
762 3099 985 3165 laudes
1028 3100 1293 3166 blandas
1335 3103 1645 3183 impertiri
1689 3110 1755 3168 et
1797 3107 1931 3170 suis
1975 3105 2154 3170 libris
2199 3124 2272 3169 ex
2319 3104 2618 3186 operibus
2674 3108 2996 3183 spectatae

463 3203 671 3268 famae
712 3202 1028 3284 expressis
1072 3204 1482 3285 praecipuum
1514 3204 1918 3285 splendorem
1958 3206 2206 3271 infundi
2244 3207 2717 3271 arbitrarentur.
2807 3203 2996 3281 Quod

460 3326 604 3371 cum
653 3306 920 3387 singulis
962 3304 1117 3369 locis
1158 3306 1472 3369 neminem
1523 3314 2090 3373 commentatorum
2136 3308 2357 3389 fugere
2401 3307 2730 3389 potuisset,
2781 3313 2995 3371 tamen

460 3427 565 3473 res
631 3410 926 3473 universa
978 3428 1106 3473 11011
1160 3409 1472 3476 illustrata
1528 3416 1641 3487 est,
1709 3410 1914 3474 donec
1969 3410 2066 3475 vir
2132 3414 2464 3477 emunctae
2535 3411 2704 3473 naris
2759 3410 2824 3472 in
2878 3408 2996 3472 1100

460 3529 628 3576 nova
678 3519 847 3576 terra
892 3512 1058 3575 viam
1108 3513 1356 3593 aperuit
1407 3518 1473 3576 et
1522 3512 1805 3577 munivit.
1897 3513 2098 3589 Quem
2147 3511 2349 3576 secuti
2391 3510 2575 3574 multi
2617 3513 2682 3575 in
2727 3512 2991 3575 eandem

460 3632 719 3677 arenam
768 3614 1248 3692 descenderunt,
1294 3621 1366 3679 111
1407 3616 1556 3680 111ᾱο
1595 3615 1674 3679 ab
1720 3632 1797 3678 eo
1827 3619 2115 3695 tempore
2156 3612 2302 3676 illae
2333 3612 2811 3676 dissertationes
2851 3630 2996 3692 pro·

462 3715 697 3779 dierint
726 3722 791 3779 et
816 3717 1144 3797 prodeant,
1190 3718 1421 3797 quibus
1464 3717 1775 3799 praefixae
1822 3722 1972 3781 sunt
2011 3715 2480 3796 inscriptiones:
2529 3713 2629 3775 De
2671 3714 2996 3777 imitatione

461 3856 547 3865 --
593 3841 735 3894 ana,
774 3821 1075 3895 Quatenus
1119 3818 1213 3881 laeic
1256 3821 1514 3899 pendeat
1567 3822 1643 3882 ab
1693 3820 1813 3897 ἱίίο,
1868 3818 1969 3881 De
2007 3818 2270 3894 font-ibus
2316 3830 2368 3881 et
2415 3814 2996 3896 exempli-asquique

457 3917 626 3982 alius
675 3919 859 3983 index
904 3919 1153 4000 placuit.
1245 3921 1388 3997 Quo
1432 3919 1649 3984 labore
1691 3920 1968 3988 insomni
1998 3919 2267 3984 multum
2308 3916 2587 3999 perfectu
2598 3936 2677 3989 111,
2721 3918 2992 3982 multum

463 4028 789 4103 peccatum
837 4030 949 4089 est.
1037 4023 1200 4087 Nam
1246 4022 1558 4099 salebrae,
1604 4042 1765 4103 quae
1809 4025 1876 4087 in
1920 4042 2074 4105 agro
2120 4022 2350 4103 opimo,
2405 4020 2517 4085 sed
2575 4018 2709 4083 fere
2752 4018 2992 4084 inculto

458 4144 588 4188 non
632 4130 904 4205 possunt
946 4144 1073 4189 non
1117 4127 1343 4203 inesse,
1385 4126 1563 4189 initio
1620 4144 1745 4191 non
1791 4144 2044 4207 semper
2075 4123 2741 4189 animadvertebantur
2769 4139 2992 4202 neque,

457 4227 515 4291 si
569 4227 1020 4305 sentiebantur,
1078 4248 1333 4311 semper
1388 4230 1831 4310 devitabantur
1884 4229 1964 4293 ab
2020 4227 2161 4305 illis,
2227 4228 2336 4307 qui
2401 4223 2703 4289 laudabili
2755 4224 2993 4288 ,ardore

458 4348 626 4395 nova
692 4330 1055 4394 inveniendi
1108 4331 1353 4413 abrepti
1409 4331 1651 4419 fructus
1703 4331 2024 4396 interdum
2088 4330 2260 4395 haud
2319 4330 2472 4392 satis
2533 4331 2818 4391 maturos
2887 4326 2993 4391 de—

461 4432 818 4514 cerpebant.
860 4464 865 4471 ·
907 4430 1131 4511 Itaque
1174 4451 1403 4513 operae
1444 4434 1721 4513 pretium
1769 4450 1912 4496 esse
1957 4433 2118 4497 duco
2147 4432 2279 4496 ⁴hac:
2334 4431 2664 4495 occasione
2722 4430 2868 4492 data
2913 4429 2992 4492 de

458 4532 940 4599 difficultatibus
984 4534 1047 4596 in
1092 4533 1212 4598 hoc
1250 4552 1403 4615 agro
1448 4534 1686 4598 arando
1741 4534 1945 4598 obviis
1989 4534 2321 4611 disserere,
2365 4552 2491 4597 non
2537 4550 2665 4613 quo
2711 4539 2859 4613 post
2898 4538 2994 4597 tot

460 4636 713 4702 labores
759 4638 981 4700 doctos
1026 4636 1227 4699 multa
1267 4656 1431 4701 nova
1475 4654 1577 4699 me
1621 4624 2014 4717 prolaturum
2048 4643 2286 4723 putem,
2331 4636 2444 4700 sed
2487 4654 2568 4699 ne
2611 4636 2707 4712 iis,
2743 4636 2852 4715 qui
2894 4635 2994 4699 hic

459 4740 730 4820 primam
777 4756 1050 4802 messem
1095 4738 1303 4803 facere
1355 4744 1684 4820 temptant,
1739 4738 1922 4815 desit,
1976 4737 2145 4818 quod
2200 4737 2578 4819 praemoniti
2633 4752 2750 4817 pro
2810 4736 2993 4799 disci-

456 4841 630 4923 plina
676 4846 740 4903 et
782 4842 1134 4922 praeceptis
1177 4841 1463 4908 habeant.

1494 5126 1958 5232 616167
