3663 5495
18 553 30 624 v

1478 515 1555 524 -..
1644 483 1725 544 27
1818 519 1888 526 --

556 668 677 729 115
767 666 1040 730 Maiores
1087 653 1173 730 in-
1196 666 1337 730 luce
1382 684 1611 742 moraS,
1656 672 1722 729 tu
1766 667 1902 730 sola
1945 667 2254 731 furentem

757 769 916 833 Inde
961 771 1166 834 virum
1215 778 1470 850 poteras
1514 775 1701 849 atque
1747 768 1892 832 hinc
1936 769 2208 834 retinere
2251 777 2576 850 parentem

765 873 1185 953 Armatasque
1234 891 1459 935 manus
1505 890 1767 935 excusso
1809 874 2073 952 iungere
2115 871 2303 950 ferre,

766 975 856 1039 Ut
899 992 1165 1054 generos
1213 975 1448 1038 soceris
1490 975 1737 1038 mediae
1780 975 2038 1038 iunxere
2084 975 2370 1039 Sabinae.

764 1077 969 1141 Morte
1013 1083 1120 1142 tua
1166 1078 1451 1141 discussa
1491 1077 1669 1154 fides,
1716 1076 2078 1158 bellumque
2121 1095 2380 1141 movere

561 1182 683 1245 120
769 1179 1159 1244 Permissum
1208 1180 1493 1244 ducibus.
1586 1179 1891 1244 Stimulos
1935 1181 2109 1244 dedit
2151 1181 2400 1245 aemula
2447 1181 2673 1245 virtus:

762 1283 877 1359 Tu,
923 1301 1086 1346 nova
1130 1302 1211 1346 ne
1254 1291 1499 1346 veteres
1543 1284 1886 1346 obscurent
1928 1290 2066 1347 acta
2109 1282 2470 1364 triumphos

768 1384 852 1447 Et
895 1385 1076 1448 victis
1122 1386 1303 1450 cedat
1344 1385 1603 1466 piratica
1648 1385 1866 1449 laurea
1909 1385 2130 1463 Gallis,
2479 1448 2482 1452 .

766 1485 1012 1566 Magne,
1057 1487 1269 1563 times3
1319 1494 1382 1551 te
1424 1488 1546 1551 iam
1588 1488 1783 1550 series
1829 1505 2110 1568 ususque
2155 1487 2447 1552 laborum

762 1587 968 1668 Erigit
1010 1589 1449 1670 inpatiensque
1491 1589 1612 1653 loci
1653 1587 1905 1653 fortuna
1951 1590 2229 1654 secundi.
2459 1586 2464 1590 ’

564 1693 683 1756 125
769 1690 903 1754 Nec
944 1709 1324 1772 quemquam
1371 1693 1493 1754 iam
1540 1690 1705 1755 ferre
1749 1697 1958 1772 potest
2005 1692 2316 1757 Caesarve
2359 1685 2636 1782 priorem

767 1792 1191 1874 Pompeiusve
1234 1812 1468 1874 parem.
1558 1794 1716 1870 Quis
1760 1795 1989 1858 iustius
2032 1794 2236 1858 induit
2279 1815 2471 1872 arma,

768 1894 940 1959 Scire
983 1895 1187 1973 nefas;
1233 1915 1465 1976 magno
1510 1915 1579 1960 se
1621 1897 1827 1960 iudice
1871 1898 2139 1986 quisque
2182 1903 2423 1961 tuetur:

770 1999 1005 2063 Victrix
1052 2017 1239 2063 causa
1282 1999 1416 2062 deis
1462 1999 1711 2079 placuit,
1758 2001 1872 2064 sed
1915 2000 2078 2064 'victa
2127 1999 2367 2064 Catoni.

434 2249 534 2302 117
574 2247 792 2316 Coripp.
830 2244 954 2298 Joh.
993 2245 1047 2296 II
1083 2246 1187 2297 468
1224 2260 1454 2298 excusso
1492 2243 1716 2297 dextera
1750 2243 1894 2298 ferro

434 2337 537 2388 118
576 2335 672 2388 Ov.
710 2333 747 2387 f.
774 2321 846 2384 ἸΙΙ
884 2334 988 2386 226
1026 2332 1156 2386 dant
1192 2333 1366 2386 soceri
1403 2333 1615 2400 generis
1652 2333 2033 2400 accipiuntque
2073 2351 2264 2388 manus

434 2425 537 2475 120
576 2421 710 2474 Stat.
749 2422 886 2476 Ach.
924 2421 941 2470 l
981 2423 1086 2475 203
1124 2421 1302 2474 daturi
1341 2462 1353 2475 .
1392 2463 1405 2474 .
1445 2421 1692 2475 stimulos
1729 2453 1793 2458 —
1833 2422 1964 2476 Hor.
2003 2423 2156 2490 epod.
2200 2423 2334 2476 XVI
2359 2425 2390 2476 5
2427 2424 2640 2476 aemula
2678 2467 2688 2477 .
2732 2466 2743 2477 .
2785 2423 2964 2476 virtus

572 2512 853 2566 Val.V86
880 2511 1055 2578 tangit
1094 2555 1105 2564 .
1146 2552 1157 2564 .
1196 2526 1244 2564 a.
1267 2509 1473 2563 v.Sil.1
1513 2512 1615 2563 510
1652 2508 1906 2575 displicet
1941 2527 1986 2564 a.
2025 2530 2074 2566 v.
2116 2512 2327 2568 Paulin.
2367 2511 2490 2566 Nol.
2529 2513 2666 2565 XIX
2706 2515 2774 2566 20
2827 2527 2873 2566 a.
2915 2529 2962 2566 v.

574 2600 761 2654 Claud.
815 2601 937 2653 bell.
996 2600 1137 2654 Gild.
1178 2602 1281 2652 349
1335 2599 1583 2652 iuvenem
1637 2598 1872 2653 stimulis
1918 2601 2241 2654 immanibus
2289 2602 2500 2654 aemula
2536 2601 2706 2656 virtus
2744 2602 2968 2656 exacuit.

574 2689 771 2759 Symm.
810 2705 893 2757 ep.
931 2689 983 2742 X
1022 2691 1139 2756 12,2
1182 2687 1236 2741 S.
1275 2687 1449 2740 virtus
1490 2685 1701 2738 aemula

434 2797 536 2849 122
576 2796 687 2850 Cic.
723 2794 789 2849 fr.
829 2799 895 2849 10
930 2797 1125 2849 Baehr.
1166 2795 1427 2850 concedat
1462 2794 1648 2847 laurea
1682 2793 1898 2860 linguae
1938 2826 1999 2833 —-
2043 2794 2231 2849 Claud.
2270 2796 2325 2848 in
2354 2796 2510 2849 Eutr.
2550 2796 2566 2845 l
2599 2798 2702 2849 502
2731 2794 2969 2861 piratica

571 2884 829 2952 Magnum
866 2886 1025 2953 erigit
1063 2926 1075 2939 .
1115 2924 1125 2933 .
1165 2886 1353 2938 laurea.

437 2991 537 3043 123
578 2990 673 3043 Ov.
710 2991 824 3045 her.
864 2991 945 3044 IX
981 2995 1012 3045 5
1051 2992 1326 3059 seriesque
1360 2994 1622 3046 immensa
1656 2993 1904 3046 laborum
2240 3046 2243 3049 .

436 3078 539 3130 124
579 3078 713 3132 Stat.
754 3078 855 3131 Th.
894 3081 911 3130 l
953 3083 1052 3134 128
1086 3081 1330 3148 iurisque
1366 3081 1589 3134 secundi
1630 3081 1864 3134 ambitus
1900 3080 2192 3148 impatiens

437 3186 539 3238 125
578 3202 658 3252 sq.
696 3186 848 3254 (Sall.
880 3186 995 3253 Iug.
1026 3188 1147 3252 96,3
1177 3186 1327 3240 Sulla
1367 3232 1377 3242 .
1415 3229 1428 3241 .
1466 3204 1640 3255 neque
1678 3187 1906 3241 consilio
1941 3202 2116 3253 neque
2151 3204 2313 3240 manu
2349 3187 2586 3254 priorem
2628 3186 2796 3238 alium
2821 3185 2960 3251 pati)

580 3274 734 3329 CaeS.
783 3278 831 3328 b.
870 3291 913 3328 c.
961 3275 977 3324 l
1016 3278 1104 3342 4‚4
1139 3276 1431 3353 Pompeius
1469 3318 1480 3331 .
1522 3318 1533 3331 .
1580 3277 1848 3330 neminem
1897 3276 2159 3343 dignitate
2197 3290 2381 3329 secum
2419 3273 2711 3340 exaequari
2747 3273 2970 3326 volebat-

576 3363 715 3416 Vell.
755 3363 807 3416 II
842 3365 963 3431 29‚3
1003 3364 1337 3433 (Pompeius)
1374 3366 1481 3419 nisi
1518 3366 1610 3419 ubi
1647 3372 1938 3432 vereretur,
1975 3381 2042 3418 ne
2081 3380 2238 3432 quem
2276 3365 2501 3417 haberet
2527 3379 2730 3430 parem,
2755 3361 2972 3415 modes-

576 3450 820 3505 tissimus
858 3492 871 3503 .
912 3494 923 3505 .
961 3452 1067 3506 nisi
1102 3461 1477 3509 numeraretur
1515 3455 1657 3507 inter
1682 3456 1918 3509 maxima
1951 3455 2159 3523 (vitia).
2181 3452 2503 3519 .·indignari
2541 3492 2553 3505 .
2593 3492 2605 3505 .
2646 3466 2972 3519 quemquam

577 3539 856 3605 aequalem
893 3540 1156 3615 dignitate
1184 3544 1497 3610 conspicere
1524 3546 1644 3611 33,3
1671 3560 1848 3611 neque
1875 3543 2165 3610 Pompeius
2193 3555 2515 3609 quemquam
2540 3540 2756 3593 omnino
2783 3555 2970 3608 parem

578 3627 704 3680 tulit
741 3634 811 3695 et,
848 3628 905 3680 in
946 3630 1142 3695 quibus
1178 3632 1341 3685 rebus
1377 3632 1584 3699 primus
1621 3648 1741 3686 esse
1780 3632 2026 3698 debebat,
2065 3630 2212 3685 solus
2250 3644 2370 3683 esse
2407 3628 2660 3694 cupiebat
2691 3628 2812 3682 Sen.
2842 3628 2968 3683 dial.

579 3715 661 3768 VI
700 3717 816 3783 14‚3
853 3716 1145 3784 Pompeius
1199 3736 1307 3773 non
1362 3737 1535 3788 aequo
1588 3723 1799 3775 laturus
1847 3720 2023 3773 animo
2076 3733 2398 3786 quemquam
2448 3716 2614 3769 alium
2661 3732 2781 3771 esse
2817 3718 2874 3769 in
2911 3734 2976 3771 re

579 3804 799 3869 publica
833 3820 1083 3873 magnum
1120 3822 1203 3881 ep.
1234 3810 1392 3874 94,65
1432 3810 1562 3876 quid
1601 3809 1887 3862 Caesarem
1923 3809 1979 3860 in
2016 3823 2116 3861 sua
2151 3807 2296 3859 fata.
2325 3848 2335 3859 .
2374 3805 2630 3858 inmisit?
2702 3807 2874 3873 gloria
2912 3813 2968 3860 et

580 3893 803 3945 ambitio
850 3900 903 3946 et
951 3894 1132 3949 nullus
1180 3912 1345 3963 supra
1392 3904 1601 3951 ceteros
1644 3896 1910 3950 eminendi
1954 3896 2176 3965 modus3
2216 3913 2380 3948 unum
2418 3900 2543 3947 ante
2583 3909 2640 3946 se
2678 3893 2818 3947 ferre
2855 3910 2966 3947 non

583 3982 778 4049 potuit,
816 3999 936 4036 cum
972 3999 1059 4037 res
1095 3985 1315 4050 publica
1352 4001 1517 4052 supra
1555 4002 1612 4039 se
1651 3986 1786 4038 duos
1824 3985 1990 4038 ferret
2023 3986 2170 4039 Flor.
2211 3983 2264 4034 II
2293 3985 2448 4049 13,14
2484 3998 2582 4035 nec
2619 3982 2712 4035 ille
2757 3982 2967 4036 ferebat

581 4086 766 4137 parem
823 4087 921 4123 nec
974 4072 1065 4125 hic
1118 4073 1450 4140 superiorem
1506 4068 1611 4127 Dio
1649 4073 1781 4126 XLI
1826 4074 1943 4140 54‚1
2003 4066 2256 4143 Πομπήιος
2313 4070 2397 4140 μὲν
2445 4064 2636 4129 οὐδενὸς
2681 4066 2968 4138 ἀνθρώπιον

582 4152 813 4225 δεύτερος,
856 4159 1040 4226 Καῖσαρ
1078 4159 1132 4210 δὲ
1168 4162 1248 4211 καὶ
1284 4161 1480 4226 πρῶτος
1515 4156 1710 4211 πάντων
1744 4154 1857 4211 εἶναι
1894 4154 2118 4229 ἐπεθύμει
2157 4192 2221 4197 -
2261 4159 2420 4225 Verg.
2453 4160 2520 4211 A.
2557 4158 2638 4211 IX
2670 4160 2769 4212 180
2795 4158 2877 4211 XI
2906 4162 2975 4228 63

583 4248 687 4299 439
727 4246 824 4300 Ov,
862 4245 897 4299 f.
938 4245 954 4294 Ι
994 4249 1090 4299 521
1136 4248 1215 4300 IV
1251 4250 1349 4301 891
1392 4248 1569 4301 induit
1604 4249 1817 4314 (induat
1852 4250 1975 4314 eto.)
2015 4263 2164 4299 arma

447 4353 549 4405 127
588 4369 668 4419 sq.
698 4354 829 4406 Hor.
858 4368 900 4405 c.
930 4352 957 4404 I
991 4355 1100 4418 11,1
1136 4354 1273 4406 scire
1299 4354 1452 4407 nefas
1486 4354 1579 4406 Ov.
1611 4354 1646 4407 f.
1676 4355 1759 4407 III
1786 4355 1888 4407 325
1929 4354 2063 4406 Stat.
2104 4353 2205 4405 Th.
2244 4352 2326 4404 111
2363 4354 2468 4404 563
2507 4350 2645 4403 scire
2681 4350 2832 4405 nefas
2876 4352 2971 4405 ho-

584 4442 715 4494 mini
732 4472 804 4481 -—
823 4442 928 4494 VII
948 4444 1051 4494 349
1074 4441 1182 4494 Cic.
1202 4458 1301 4509 pro
1319 4443 1498 4509 Ligar.
1520 4443 1829 4496 V119nunc
1849 4443 2040 4495 melior
2059 4447 2143 4495 est
2159 4439 2452 4493 iudicanda
2471 4454 2534 4492 ea
2559 4439 2788 4507 (causa),
2812 4456 2974 4507 quam

586 4531 748 4583 etiam
798 4531 852 4584 di
900 4530 1220 4583 adiuverunt
1269 4530 1391 4584 Sen.
1430 4538 1667 4586 controv.
1705 4531 1758 4584 X
1795 4534 1882 4597 3,3
1929 4536 2082 4582 utrae
2117 4529 2370 4583 meliores
2406 4534 2590 4595 partes
2629 4534 2827 4595 essent,
2865 4529 2971 4581 soli

585 4619 907 4673 videbantur
941 4619 1181 4673 iudicare
1219 4620 1273 4673 di
1308 4636 1471 4687 posse
1510 4620 1671 4687 (Vell.
1700 4620 1752 4673 II
1788 4622 1912 4685 49,2
1951 4618 2175 4671 alterius
2213 4616 2365 4669 ducis
2404 4631 2568 4669 causa
2603 4616 2794 4669 melior
2828 4616 2976 4671 vide-

587 4709 763 4775 batur,
812 4708 1035 4762 alterius
1074 4715 1190 4762 erat
1226 4709 1431 4762 firmior
1469 4712 1499 4761 3
1538 4710 1619 4761 vir
1655 4708 1911 4775 antiquus
1948 4713 2002 4760 et
2029 4706 2206 4773 gravis
2244 4705 2468 4771 Pompei
2503 4712 2688 4770 partes
2726 4704 2976 4759 laudaret

586 4806 774 4873 magiS,
810 4799 1047 4869 prudens
1085 4807 1401 4866 sequeretur
1440 4799 1689 4853 Caesaris
1727 4798 1845 4851 Liv.
1885 4796 2018 4850 XXI
2060 4798 2178 4862 10,9
2217 4794 2458 4848 XXXIX
2497 4795 2679 4858 36,12)

452 4915 552 4968 128
588 4913 791 4964 Brutus
827 4905 973 4973 apud
1010 4906 1190 4972 Quint.
1230 4906 1311 4958 IX
1348 4908 1469 4974 4‚75
1508 4906 1687 4959 sciunt
1722 4906 1992 4972 placuisse
2037 4902 2229 4955 Catoni
