<?xml version="1.0" encoding="UTF-8"?>
<!DOCTYPE html PUBLIC "-//W3C//DTD XHTML 1.0 Transitional//EN"
    "http://www.w3.org/TR/xhtml1/DTD/xhtml1-transitional.dtd">
<html xmlns="http://www.w3.org/1999/xhtml" xml:lang="en" lang="en">
 <head>
  <title>
</title>
<meta http-equiv="Content-Type" content="text/html;charset=utf-8" />
  <meta name='ocr-system' content='tesseract 3.04.00' />
  <meta name='ocr-capabilities' content='ocr_page ocr_carea ocr_par ocr_line ocrx_word'/>
</head>
<body>
  <div class='ocr_page' id='page_1' title='image "./deimitationescr01hosigoog_0006.png"; bbox 0 0 3663 5495; ppageno 0'>
   <div class='ocr_carea' id='block_1_1' title="bbox 1740 431 2113 489">
    <p class='ocr_par' dir='ltr' id='par_1_1' title="bbox 1740 431 2113 489">
     <span class='ocr_line' id='line_1_1' title="bbox 1740 431 2113 489; baseline 0 -17"><span class='ocrx_word' id='word_1_1' title='bbox 1740 431 2113 489; x_wconf 69' lang='lat'>—4-</span> 
     </span>
    </p>
   </div>
   <div class='ocr_carea' id='block_1_2' title="bbox 667 614 3201 1002">
    <p class='ocr_par' dir='ltr' id='par_1_2' title="bbox 667 614 3201 1002">
     <span class='ocr_line' id='line_1_2' title="bbox 878 614 3197 696; baseline -0 -17"><span class='ocrx_word' id='word_1_2' title='bbox 878 617 1023 681; x_wconf 92' lang='lat' dir='ltr'>Duo</span> <span class='ocrx_word' id='word_1_3' title='bbox 1065 616 1380 696; x_wconf 87' lang='lat' dir='ltr'>imprimis</span> <span class='ocrx_word' id='word_1_4' title='bbox 1425 615 1748 680; x_wconf 88' lang='lat' dir='ltr'>obstacula</span> <span class='ocrx_word' id='word_1_5' title='bbox 1790 615 1855 679; x_wconf 92' lang='lat' dir='ltr'>in</span> <span class='ocrx_word' id='word_1_6' title='bbox 1902 614 2017 679; x_wconf 91' lang='lat' dir='ltr'>hac</span> <span class='ocrx_word' id='word_1_7' title='bbox 2063 623 2231 678; x_wconf 91' lang='lat' dir='ltr'>terra</span> <span class='ocrx_word' id='word_1_8' title='bbox 2285 623 2633 694; x_wconf 86' lang='lat' dir='ltr'>exsurgunt</span> <span class='ocrx_word' id='word_1_9' title='bbox 2678 633 2878 696; x_wconf 88' lang='lat' dir='ltr'>eaque</span> <span class='ocrx_word' id='word_1_10' title='bbox 2921 616 3084 678; x_wconf 91' lang='lat' dir='ltr'>inter</span> <span class='ocrx_word' id='word_1_11' title='bbox 3129 634 3197 679; x_wconf 92' lang='grc' dir='ltr'>εθ</span> 
     </span>
     <span class='ocr_line' id='line_1_3' title="bbox 667 716 3201 798; baseline -0 -16"><span class='ocrx_word' id='word_1_12' title='bbox 667 717 994 782; x_wconf 89' lang='lat' dir='ltr'>contraria.</span> <span class='ocrx_word' id='word_1_13' title='bbox 1097 717 1384 794; x_wconf 84' lang='lat' dir='ltr'>Quorum</span> <span class='ocrx_word' id='word_1_14' title='bbox 1443 716 1640 782; x_wconf 89' lang='lat' dir='ltr'>altero</span> <span class='ocrx_word' id='word_1_15' title='bbox 1696 725 2027 797; x_wconf 74' lang='lat' dir='ltr'>superam,</span> <span class='ocrx_word' id='word_1_16' title='bbox 2092 717 2146 780; x_wconf 92' lang='lat' dir='ltr'>si</span> <span class='ocrx_word' id='word_1_17' title='bbox 2212 717 2400 781; x_wconf 89' lang='lat' dir='ltr'>modo</span> <span class='ocrx_word' id='word_1_18' title='bbox 2462 717 2747 796; x_wconf 90' lang='lat' dir='ltr'>superari</span> <span class='ocrx_word' id='word_1_19' title='bbox 2802 718 3021 798; x_wconf 84' lang='lat' dir='ltr'>possit,</span> <span class='ocrx_word' id='word_1_20' title='bbox 3086 737 3201 781; x_wconf 90' lang='lat' dir='ltr'>nu-</span> 
     </span>
     <span class='ocr_line' id='line_1_4' title="bbox 668 818 3199 902; baseline -0 -18"><span class='ocrx_word' id='word_1_21' title='bbox 668 839 882 884; x_wconf 90' lang='lat' dir='ltr'>merus</span> <span class='ocrx_word' id='word_1_22' title='bbox 927 820 1346 885; x_wconf 84' lang='lat' dir='ltr'><strong>imitationum</strong></span> <span class='ocrx_word' id='word_1_23' title='bbox 1398 827 1683 899; x_wconf 81' lang='lat' dir='ltr'>augetur,</span> <span class='ocrx_word' id='word_1_24' title='bbox 1727 819 1927 884; x_wconf 87' lang='lat' dir='ltr'>altero</span> <span class='ocrx_word' id='word_1_25' title='bbox 1959 826 2130 884; x_wconf 88' lang='lat' dir='ltr'>recte</span> <span class='ocrx_word' id='word_1_26' title='bbox 2168 818 2486 883; x_wconf 89' lang='lat' dir='ltr'>intellecto</span> <span class='ocrx_word' id='word_1_27' title='bbox 2515 819 2847 902; x_wconf 90' lang='lat' dir='ltr'>minuitur;</span> <span class='ocrx_word' id='word_1_28' title='bbox 2893 819 2999 883; x_wconf 91' lang='lat' dir='ltr'>illo</span> <span class='ocrx_word' id='word_1_29' title='bbox 3031 822 3199 883; x_wconf 91' lang='lat' dir='ltr'>enim</span> 
     </span>
     <span class='ocr_line' id='line_1_5' title="bbox 669 920 3200 1002; baseline 0 -16"><span class='ocrx_word' id='word_1_30' title='bbox 669 921 956 999; x_wconf 88' lang='lat' dir='ltr'>efficitur,</span> <span class='ocrx_word' id='word_1_31' title='bbox 1014 930 1086 986; x_wconf 91' lang='lat' dir='ltr'>ut</span> <span class='ocrx_word' id='word_1_32' title='bbox 1135 940 1297 1002; x_wconf 89' lang='lat' dir='ltr'>quae</span> <span class='ocrx_word' id='word_1_33' title='bbox 1351 929 1500 986; x_wconf 89' lang='lat' dir='ltr'>sunt</span> <span class='ocrx_word' id='word_1_34' title='bbox 1542 922 1925 985; x_wconf 84' lang='lat' dir='ltr'>imitationes</span> <span class='ocrx_word' id='word_1_35' title='bbox 1979 942 2104 986; x_wconf 92' lang='lat' dir='ltr'>non</span> <span class='ocrx_word' id='word_1_36' title='bbox 2160 922 2507 998; x_wconf 89' lang='lat' dir='ltr'>videantur,</span> <span class='ocrx_word' id='word_1_37' title='bbox 2565 920 2699 994; x_wconf 85' lang='lat' dir='ltr'>hoc,</span> <span class='ocrx_word' id='word_1_38' title='bbox 2767 929 2838 984; x_wconf 92' lang='lat' dir='ltr'>ut</span> <span class='ocrx_word' id='word_1_39' title='bbox 2889 940 3050 1002; x_wconf 88' lang='lat' dir='ltr'>quae</span> <span class='ocrx_word' id='word_1_40' title='bbox 3111 923 3200 986; x_wconf 89' lang='lat' dir='ltr'>vi·</span> 
     </span>
    </p>
   </div>
   <div class='ocr_carea' id='block_1_3' title="bbox 668 1023 3201 1190">
    <p class='ocr_par' dir='ltr' id='par_1_3' title="bbox 668 1023 3201 1190">
     <span class='ocr_line' id='line_1_6' title="bbox 673 1023 3201 1105; baseline -0 -16"><span class='ocrx_word' id='word_1_41' title='bbox 673 1026 901 1089; x_wconf 87' lang='lat' dir='ltr'>dentur</span> <span class='ocrx_word' id='word_1_42' title='bbox 951 1044 1077 1088; x_wconf 90' lang='lat' dir='ltr'>non</span> <span class='ocrx_word' id='word_1_43' title='bbox 1110 1026 1252 1088; x_wconf 87' lang='lat' dir='ltr'>sint.</span> <span class='ocrx_word' id='word_1_44' title='bbox 1343 1023 1527 1100; x_wconf 84' lang='lat' dir='ltr'>Quod</span> <span class='ocrx_word' id='word_1_45' title='bbox 1584 1024 1872 1104; x_wconf 89' lang='lat' dir='ltr'>quamvis</span> <span class='ocrx_word' id='word_1_46' title='bbox 1910 1025 2380 1105; x_wconf 87' lang='lat' dir='ltr'>quodammodo</span> <span class='ocrx_word' id='word_1_47' title='bbox 2431 1023 2707 1088; x_wconf 84' lang='lat' dir='ltr'>absurde</span> <span class='ocrx_word' id='word_1_48' title='bbox 2748 1032 2946 1101; x_wconf 89' lang='lat' dir='ltr'>sonet,</span> <span class='ocrx_word' id='word_1_49' title='bbox 2991 1033 3201 1088; x_wconf 89' lang='lat' dir='ltr'>tamen</span> 
     </span>
     <span class='ocr_line' id='line_1_7' title="bbox 668 1126 1534 1190; baseline 0 0"><span class='ocrx_word' id='word_1_50' title='bbox 668 1145 773 1190; x_wconf 90' lang='lat' dir='ltr'>res</span> <span class='ocrx_word' id='word_1_51' title='bbox 816 1126 997 1189; x_wconf 88' lang='lat' dir='ltr'>aliter</span> <span class='ocrx_word' id='word_1_52' title='bbox 1043 1145 1112 1189; x_wconf 89' lang='lat' dir='ltr'>se</span> <span class='ocrx_word' id='word_1_53' title='bbox 1155 1145 1282 1189; x_wconf 91' lang='lat' dir='ltr'>non</span> <span class='ocrx_word' id='word_1_54' title='bbox 1331 1126 1534 1190; x_wconf 89' lang='lat' dir='ltr'>habet.</span> 
     </span>
    </p>
   </div>
   <div class='ocr_carea' id='block_1_4' title="bbox 663 1227 3209 4894">
    <p class='ocr_par' dir='ltr' id='par_1_4' title="bbox 663 1227 3205 3984">
     <span class='ocr_line' id='line_1_8' title="bbox 882 1227 3200 1309; baseline 0 -18"><span class='ocrx_word' id='word_1_55' title='bbox 882 1231 1093 1308; x_wconf 87' lang='lat' dir='ltr'>Atque</span> <span class='ocrx_word' id='word_1_56' title='bbox 1139 1236 1209 1292; x_wconf 84' lang='lat' dir='ltr'>ut</span> <span class='ocrx_word' id='word_1_57' title='bbox 1253 1230 1376 1291; x_wconf 89' lang='lat' dir='ltr'>iam</span> <span class='ocrx_word' id='word_1_58' title='bbox 1429 1230 1702 1309; x_wconf 83' lang='lat' dir='ltr'>priorem</span> <span class='ocrx_word' id='word_1_59' title='bbox 1734 1227 1971 1291; x_wconf 89' lang='lat' dir='ltr'>nodum</span> <span class='ocrx_word' id='word_1_60' title='bbox 2018 1227 2311 1290; x_wconf 89' lang='lat' dir='ltr'>manibus</span> <span class='ocrx_word' id='word_1_61' title='bbox 2338 1235 2765 1304; x_wconf 84' lang='lat' dir='ltr'>attrectemus,</span> <span class='ocrx_word' id='word_1_62' title='bbox 2809 1229 3045 1292; x_wconf 86' lang='lat' dir='ltr'>multae</span> <span class='ocrx_word' id='word_1_63' title='bbox 3076 1229 3200 1292; x_wconf 91' lang='lat' dir='ltr'>Ro-</span> 
     </span>
     <span class='ocr_line' id='line_1_9' title="bbox 678 1329 3202 1394; baseline 0 -1"><span class='ocrx_word' id='word_1_64' title='bbox 678 1349 1006 1394; x_wconf 88' lang='lat' dir='ltr'>manorum</span> <span class='ocrx_word' id='word_1_65' title='bbox 1057 1331 1439 1394; x_wconf 79' lang='lat' dir='ltr'>imitationes</span> <span class='ocrx_word' id='word_1_66' title='bbox 1493 1331 1676 1393; x_wconf 89' lang='lat' dir='ltr'>nobis</span> <span class='ocrx_word' id='word_1_67' title='bbox 1727 1329 1915 1393; x_wconf 91' lang='lat' dir='ltr'>hodie</span> <span class='ocrx_word' id='word_1_68' title='bbox 1972 1348 2097 1393; x_wconf 91' lang='lat' dir='ltr'>non</span> <span class='ocrx_word' id='word_1_69' title='bbox 2154 1330 2279 1392; x_wconf 87' lang='lat' dir='ltr'>iam</span> <span class='ocrx_word' id='word_1_70' title='bbox 2333 1329 2709 1393; x_wconf 88' lang='lat' dir='ltr'>revelantur.</span> <span class='ocrx_word' id='word_1_71' title='bbox 2796 1331 2938 1394; x_wconf 89' lang='lat' dir='ltr'>Non</span> <span class='ocrx_word' id='word_1_72' title='bbox 2994 1349 3202 1393; x_wconf 91' lang='lat' dir='ltr'>sermo</span> 
     </span>
     <span class='ocr_line' id='line_1_10' title="bbox 672 1432 3201 1514; baseline -0 -18"><span class='ocrx_word' id='word_1_73' title='bbox 672 1432 772 1496; x_wconf 88' lang='lat' dir='ltr'>hic</span> <span class='ocrx_word' id='word_1_74' title='bbox 821 1440 918 1495; x_wconf 85' lang='lat' dir='ltr'>est</span> <span class='ocrx_word' id='word_1_75' title='bbox 962 1433 1041 1510; x_wconf 77' lang='lat' dir='ltr'>de</span> <span class='ocrx_word' id='word_1_76' title='bbox 1072 1432 1194 1496; x_wconf 90' lang='lat' dir='ltr'>illis</span> <span class='ocrx_word' id='word_1_77' title='bbox 1239 1433 1447 1496; x_wconf 90' lang='lat' dir='ltr'>verbis</span> <span class='ocrx_word' id='word_1_78' title='bbox 1492 1441 1556 1496; x_wconf 94' lang='lat' dir='ltr'>et</span> <span class='ocrx_word' id='word_1_79' title='bbox 1599 1433 1932 1496; x_wconf 88' lang='lat' dir='ltr'>verborum</span> <span class='ocrx_word' id='word_1_80' title='bbox 1969 1432 2294 1512; x_wconf 79' lang='lat' dir='ltr'>coniugiiS‚</span> <span class='ocrx_word' id='word_1_81' title='bbox 2335 1450 2497 1512; x_wconf 88' lang='lat' dir='ltr'>quae</span> <span class='ocrx_word' id='word_1_82' title='bbox 2542 1451 2615 1495; x_wconf 86' lang='lat' dir='ltr'>ex</span> <span class='ocrx_word' id='word_1_83' title='bbox 2644 1432 2824 1496; x_wconf 90' lang='lat' dir='ltr'>libris</span> <span class='ocrx_word' id='word_1_84' title='bbox 2856 1432 3201 1514; x_wconf 89' lang='lat' dir='ltr'>deperditis</span> 
     </span>
     <span class='ocr_line' id='line_1_11' title="bbox 670 1535 3190 1616; baseline -0 -19"><span class='ocrx_word' id='word_1_85' title='bbox 670 1535 909 1610; x_wconf 85' lang='lat' dir='ltr'>Naevii,</span> <span class='ocrx_word' id='word_1_86' title='bbox 955 1535 1143 1597; x_wconf 88' lang='lat' dir='ltr'>Ennii</span> <span class='ocrx_word' id='word_1_87' title='bbox 1173 1537 1406 1616; x_wconf 89' lang='lat' dir='ltr'>quique</span> <span class='ocrx_word' id='word_1_88' title='bbox 1436 1535 1598 1598; x_wconf 87' lang='lat' dir='ltr'>alius</span> <span class='ocrx_word' id='word_1_89' title='bbox 1627 1535 1944 1598; x_wconf 76' lang='lat' dir='ltr'>intercidit</span> <span class='ocrx_word' id='word_1_90' title='bbox 1975 1535 2309 1615; x_wconf 84' lang='lat' dir='ltr'>desumpta</span> <span class='ocrx_word' id='word_1_91' title='bbox 2340 1552 2482 1598; x_wconf 93' lang='lat' dir='ltr'>esse</span> <span class='ocrx_word' id='word_1_92' title='bbox 2528 1552 2999 1615; x_wconf 85' lang='lat' dir='ltr'>nonnumquam</span> <span class='ocrx_word' id='word_1_93' title='bbox 3033 1535 3190 1598; x_wconf 91' lang='lat' dir='ltr'>divi-</span> 
     </span>
     <span class='ocr_line' id='line_1_12' title="bbox 669 1635 3196 1719; baseline -0 -19"><span class='ocrx_word' id='word_1_94' title='bbox 669 1655 928 1714; x_wconf 82' lang='lat' dir='ltr'>namus3</span> <span class='ocrx_word' id='word_1_95' title='bbox 983 1637 1096 1701; x_wconf 90' lang='lat' dir='ltr'>sed</span> <span class='ocrx_word' id='word_1_96' title='bbox 1140 1655 1221 1699; x_wconf 91' lang='lat' dir='ltr'>ne</span> <span class='ocrx_word' id='word_1_97' title='bbox 1267 1637 1331 1699; x_wconf 89' lang='lat' dir='ltr'>in</span> <span class='ocrx_word' id='word_1_98' title='bbox 1377 1637 1556 1701; x_wconf 91' lang='lat' dir='ltr'>libris</span> <span class='ocrx_word' id='word_1_99' title='bbox 1603 1656 1642 1719; x_wconf 87' lang='lat' dir='ltr'>q</span> <span class='ocrx_word' id='word_1_100' title='bbox 1649 1637 1878 1714; x_wconf 75' lang='lat' dir='ltr'>uidem,</span> <span class='ocrx_word' id='word_1_101' title='bbox 1932 1637 2040 1718; x_wconf 92' lang='lat' dir='ltr'>qui</span> <span class='ocrx_word' id='word_1_102' title='bbox 2083 1644 2353 1700; x_wconf 88' lang='lat' dir='ltr'>aetatem</span> <span class='ocrx_word' id='word_1_103' title='bbox 2402 1637 2701 1715; x_wconf 79' lang='lat' dir='ltr'>tulerunt,</span> <span class='ocrx_word' id='word_1_104' title='bbox 2756 1635 3196 1718; x_wconf 82' lang='lat' dir='ltr'>comparandis</span> 
     </span>
     <span class='ocr_line' id='line_1_13' title="bbox 671 1738 3196 1820; baseline 0 -19"><span class='ocrx_word' id='word_1_105' title='bbox 671 1738 1050 1803; x_wconf 87' lang='lat' dir='ltr'>imitatorem</span> <span class='ocrx_word' id='word_1_106' title='bbox 1110 1739 1585 1820; x_wconf 88' lang='lat' dir='ltr'>deprehendere</span> <span class='ocrx_word' id='word_1_107' title='bbox 1637 1757 1889 1820; x_wconf 85' lang='lat' dir='ltr'>semper</span> <span class='ocrx_word' id='word_1_108' title='bbox 1944 1757 2287 1820; x_wconf 88' lang='lat' dir='ltr'>possumus</span> <span class='ocrx_word' id='word_1_109' title='bbox 2335 1745 2448 1803; x_wconf 85' lang='lat' dir='ltr'>aut</span> <span class='ocrx_word' id='word_1_110' title='bbox 2489 1740 2818 1816; x_wconf 81' lang='lat' dir='ltr'>audemuS‚</span> <span class='ocrx_word' id='word_1_111' title='bbox 2858 1757 3000 1802; x_wconf 89' lang='lat' dir='ltr'>cum</span> <span class='ocrx_word' id='word_1_112' title='bbox 3050 1757 3196 1802; x_wconf 89' lang='lat' dir='ltr'>con-</span> 
     </span>
     <span class='ocr_line' id='line_1_14' title="bbox 671 1840 3195 1923; baseline -0.001 -17"><span class='ocrx_word' id='word_1_113' title='bbox 671 1859 898 1906; x_wconf 89' lang='lat' dir='ltr'>sensus</span> <span class='ocrx_word' id='word_1_114' title='bbox 950 1847 1078 1904; x_wconf 89' lang='lat' dir='ltr'>tam</span> <span class='ocrx_word' id='word_1_115' title='bbox 1133 1840 1290 1906; x_wconf 89' lang='lat' dir='ltr'>levis</span> <span class='ocrx_word' id='word_1_116' title='bbox 1349 1843 1448 1920; x_wconf 89' lang='lat' dir='ltr'>sit,</span> <span class='ocrx_word' id='word_1_117' title='bbox 1502 1851 1589 1921; x_wconf 84' lang='lat' dir='ltr'>ut,</span> <span class='ocrx_word' id='word_1_118' title='bbox 1645 1844 1893 1907; x_wconf 89' lang='lat' dir='ltr'>etiamsi</span> <span class='ocrx_word' id='word_1_119' title='bbox 1946 1842 2165 1906; x_wconf 90' lang='lat' dir='ltr'>oculos</span> <span class='ocrx_word' id='word_1_120' title='bbox 2222 1848 2285 1906; x_wconf 91' lang='lat' dir='ltr'>et</span> <span class='ocrx_word' id='word_1_121' title='bbox 2337 1844 2708 1907; x_wconf 87' lang='lat' dir='ltr'>memoriam</span> <span class='ocrx_word' id='word_1_122' title='bbox 2754 1843 3024 1923; x_wconf 85' lang='lat' dir='ltr'>legentis</span> <span class='ocrx_word' id='word_1_123' title='bbox 3067 1859 3195 1904; x_wconf 90' lang='lat' dir='ltr'>non</span> 
     </span>
     <span class='ocr_line' id='line_1_15' title="bbox 671 1943 3199 2025; baseline 0 -19"><span class='ocrx_word' id='word_1_124' title='bbox 671 1943 1012 2024; x_wconf 88' lang='lat' dir='ltr'>praeteriit,</span> <span class='ocrx_word' id='word_1_125' title='bbox 1078 1947 1288 2007; x_wconf 89' lang='lat' dir='ltr'>tamen</span> <span class='ocrx_word' id='word_1_126' title='bbox 1353 1944 1794 2008; x_wconf 85' lang='lat' dir='ltr'>aemulationis</span> <span class='ocrx_word' id='word_1_127' title='bbox 1862 1944 2136 2025; x_wconf 91' lang='lat' dir='ltr'>speciem</span> <span class='ocrx_word' id='word_1_128' title='bbox 2211 1945 2629 2008; x_wconf 89' lang='lat' dir='ltr'>necessariam</span> <span class='ocrx_word' id='word_1_129' title='bbox 2706 1963 2895 2008; x_wconf 91' lang='lat' dir='ltr'>nemo</span> <span class='ocrx_word' id='word_1_130' title='bbox 2946 1945 3199 2019; x_wconf 82' lang='lat' dir='ltr'>iudicet,</span> 
     </span>
     <span class='ocr_line' id='line_1_16' title="bbox 663 2045 3197 2128; baseline 0.001 -20"><span class='ocrx_word' id='word_1_131' title='bbox 663 2046 904 2109; x_wconf 89' lang='lat' dir='ltr'>-nedum</span> <span class='ocrx_word' id='word_1_132' title='bbox 973 2045 1113 2109; x_wconf 90' lang='lat' dir='ltr'>aliis</span> <span class='ocrx_word' id='word_1_133' title='bbox 1190 2046 1432 2126; x_wconf 85' lang='lat' dir='ltr'>probet.</span> <span class='ocrx_word' id='word_1_134' title='bbox 1543 2047 1840 2111; x_wconf 87' lang='lat' dir='ltr'>Attamen</span> <span class='ocrx_word' id='word_1_135' title='bbox 1907 2047 2077 2112; x_wconf 87' lang='lat' dir='ltr'>haud</span> <span class='ocrx_word' id='word_1_136' title='bbox 2143 2066 2286 2112; x_wconf 87' lang='lat' dir='ltr'>raro</span> <span class='ocrx_word' id='word_1_137' title='bbox 2352 2048 2479 2112; x_wconf 92' lang='lat' dir='ltr'>duo</span> <span class='ocrx_word' id='word_1_138' title='bbox 2542 2047 2664 2112; x_wconf 93' lang='lat' dir='ltr'>loci</span> <span class='ocrx_word' id='word_1_139' title='bbox 2726 2047 2962 2128; x_wconf 81' lang='lat' dir='ltr'>pauciS‚</span> <span class='ocrx_word' id='word_1_140' title='bbox 3045 2047 3197 2127; x_wconf 90' lang='lat' dir='ltr'>quin</span> 
     </span>
     <span class='ocr_line' id='line_1_17' title="bbox 671 2147 3197 2231; baseline 0 -19"><span class='ocrx_word' id='word_1_141' title='bbox 671 2147 863 2212; x_wconf 90' lang='lat' dir='ltr'>nullis</span> <span class='ocrx_word' id='word_1_142' title='bbox 920 2148 1130 2212; x_wconf 90' lang='lat' dir='ltr'>verbis</span> <span class='ocrx_word' id='word_1_143' title='bbox 1184 2151 1585 2214; x_wconf 89' lang='lat' dir='ltr'>concinentes</span> <span class='ocrx_word' id='word_1_144' title='bbox 1635 2149 1917 2213; x_wconf 87' lang='lat' dir='ltr'>sincerae</span> <span class='ocrx_word' id='word_1_145' title='bbox 1963 2150 2333 2224; x_wconf 86' lang='lat' dir='ltr'>imitationis</span> <span class='ocrx_word' id='word_1_146' title='bbox 2386 2149 2743 2230; x_wconf 86' lang='lat' dir='ltr'>exemplum</span> <span class='ocrx_word' id='word_1_147' title='bbox 2803 2157 2978 2225; x_wconf 84' lang='lat' dir='ltr'>sunt;</span> <span class='ocrx_word' id='word_1_148' title='bbox 3024 2149 3197 2231; x_wconf 90' lang='lat' dir='ltr'>quod</span> 
     </span>
     <span class='ocr_line' id='line_1_18' title="bbox 671 2249 3200 2332; baseline 0.001 -19"><span class='ocrx_word' id='word_1_149' title='bbox 671 2249 805 2314; x_wconf 86' lang='lat' dir='ltr'>fere</span> <span class='ocrx_word' id='word_1_150' title='bbox 848 2250 1074 2314; x_wconf 89' lang='lat' dir='ltr'>accidit</span> <span class='ocrx_word' id='word_1_151' title='bbox 1116 2257 1180 2314; x_wconf 87' lang='lat' dir='ltr'>et</span> <span class='ocrx_word' id='word_1_152' title='bbox 1220 2253 1286 2315; x_wconf 89' lang='lat' dir='ltr'>in</span> <span class='ocrx_word' id='word_1_153' title='bbox 1333 2252 1543 2315; x_wconf 88' lang='lat' dir='ltr'>verbis</span> <span class='ocrx_word' id='word_1_154' title='bbox 1597 2252 1730 2314; x_wconf 91' lang='lat' dir='ltr'>noti</span> <span class='ocrx_word' id='word_1_155' title='bbox 1780 2251 2106 2332; x_wconf 89' lang='lat' dir='ltr'>scriptoris</span> <span class='ocrx_word' id='word_1_156' title='bbox 2149 2251 2232 2315; x_wconf 88' lang='lat' dir='ltr'>ad</span> <span class='ocrx_word' id='word_1_157' title='bbox 2283 2251 2475 2315; x_wconf 88' lang='lat' dir='ltr'>finem</span> <span class='ocrx_word' id='word_1_158' title='bbox 2534 2270 2769 2316; x_wconf 90' lang='lat' dir='ltr'>novum</span> <span class='ocrx_word' id='word_1_159' title='bbox 2825 2251 3089 2314; x_wconf 88' lang='lat' dir='ltr'>recoctis</span> <span class='ocrx_word' id='word_1_160' title='bbox 3134 2260 3200 2315; x_wconf 84' lang='lat' dir='ltr'>et</span> 
     </span>
     <span class='ocr_line' id='line_1_19' title="bbox 669 2352 3201 2436; baseline 0 -20"><span class='ocrx_word' id='word_1_161' title='bbox 669 2354 1022 2418; x_wconf 89' lang='lat' dir='ltr'>immutatis</span> <span class='ocrx_word' id='word_1_162' title='bbox 1066 2353 1165 2417; x_wconf 90' lang='lat' dir='ltr'>vel</span> <span class='ocrx_word' id='word_1_163' title='bbox 1206 2355 1272 2418; x_wconf 90' lang='lat' dir='ltr'>in</span> <span class='ocrx_word' id='word_1_164' title='bbox 1303 2355 1596 2436; x_wconf 81' lang='lat' dir='ltr'>parodiiS‚</span> <span class='ocrx_word' id='word_1_165' title='bbox 1641 2354 1768 2432; x_wconf 91' lang='lat' dir='ltr'>ubi,</span> <span class='ocrx_word' id='word_1_166' title='bbox 1813 2355 2065 2418; x_wconf 90' lang='lat' dir='ltr'>etiamsi</span> <span class='ocrx_word' id='word_1_167' title='bbox 2094 2354 2195 2418; x_wconf 83' lang='lat' dir='ltr'>vix</span> <span class='ocrx_word' id='word_1_168' title='bbox 2227 2371 2428 2416; x_wconf 90' lang='lat' dir='ltr'>unum</span> <span class='ocrx_word' id='word_1_169' title='bbox 2462 2352 2658 2418; x_wconf 89' lang='lat' dir='ltr'>fontis</span> <span class='ocrx_word' id='word_1_170' title='bbox 2688 2353 2951 2418; x_wconf 90' lang='lat' dir='ltr'>verbum</span> <span class='ocrx_word' id='word_1_171' title='bbox 2987 2358 3201 2431; x_wconf 78' lang='lat' dir='ltr'>restat,</span> 
     </span>
     <span class='ocr_line' id='line_1_20' title="bbox 672 2455 3196 2537; baseline -0.001 -17"><span class='ocrx_word' id='word_1_172' title='bbox 672 2463 882 2520; x_wconf 78' lang='lat' dir='ltr'>tamen</span> <span class='ocrx_word' id='word_1_173' title='bbox 936 2456 1009 2533; x_wconf 78' lang='grc' dir='ltr'>ἰε,</span> <span class='ocrx_word' id='word_1_174' title='bbox 1062 2457 1172 2537; x_wconf 92' lang='lat' dir='ltr'>qui</span> <span class='ocrx_word' id='word_1_175' title='bbox 1221 2457 1415 2534; x_wconf 87' lang='lat' dir='ltr'>finxit,</span> <span class='ocrx_word' id='word_1_176' title='bbox 1467 2456 1841 2522; x_wconf 89' lang='lat' dir='ltr'>allusionem</span> <span class='ocrx_word' id='word_1_177' title='bbox 1900 2457 2270 2521; x_wconf 88' lang='lat' dir='ltr'>occultatam</span> <span class='ocrx_word' id='word_1_178' title='bbox 2325 2457 2587 2520; x_wconf 90' lang='lat' dir='ltr'>minime</span> <span class='ocrx_word' id='word_1_179' title='bbox 2632 2455 2784 2535; x_wconf 84' lang='lat' dir='ltr'>vult,</span> <span class='ocrx_word' id='word_1_180' title='bbox 2844 2462 2910 2520; x_wconf 94' lang='lat' dir='ltr'>et</span> <span class='ocrx_word' id='word_1_181' title='bbox 2950 2457 3014 2519; x_wconf 90' lang='lat' dir='ltr'>in</span> <span class='ocrx_word' id='word_1_182' title='bbox 3059 2456 3196 2527; x_wconf 87' lang='lat' dir='ltr'>imi-</span> 
     </span>
     <span class='ocr_line' id='line_1_21' title="bbox 672 2558 3194 2639; baseline 0 -18"><span class='ocrx_word' id='word_1_183' title='bbox 672 2559 1017 2623; x_wconf 87' lang='lat' dir='ltr'>tationibus</span> <span class='ocrx_word' id='word_1_184' title='bbox 1055 2559 1252 2637; x_wconf 84' lang='lat' dir='ltr'>seriiS,</span> <span class='ocrx_word' id='word_1_185' title='bbox 1299 2559 1408 2624; x_wconf 90' lang='lat' dir='ltr'>ubi</span> <span class='ocrx_word' id='word_1_186' title='bbox 1435 2565 1602 2625; x_wconf 89' lang='lat' dir='ltr'>certe</span> <span class='ocrx_word' id='word_1_187' title='bbox 1630 2559 1738 2639; x_wconf 88' lang='lat' dir='ltr'>qui</span> <span class='ocrx_word' id='word_1_188' title='bbox 1767 2577 1937 2623; x_wconf 91' lang='lat' dir='ltr'>nunc</span> <span class='ocrx_word' id='word_1_189' title='bbox 1967 2565 2117 2623; x_wconf 91' lang='lat' dir='ltr'>sunt</span> <span class='ocrx_word' id='word_1_190' title='bbox 2148 2559 2508 2639; x_wconf 80' lang='lat' dir='ltr'>scriptoreS‚</span> <span class='ocrx_word' id='word_1_191' title='bbox 2554 2568 2627 2623; x_wconf 88' lang='lat' dir='ltr'>ut</span> <span class='ocrx_word' id='word_1_192' title='bbox 2653 2558 2906 2637; x_wconf 74' lang='lat' dir='ltr'>lateant,</span> <span class='ocrx_word' id='word_1_193' title='bbox 2947 2559 3194 2624; x_wconf 82' lang='lat' dir='ltr'>sumine</span> 
     </span>
     <span class='ocr_line' id='line_1_22' title="bbox 672 2659 3193 2742; baseline 0 -17"><span class='ocrx_word' id='word_1_194' title='bbox 672 2679 866 2742; x_wconf 88' lang='lat' dir='ltr'>opere</span> <span class='ocrx_word' id='word_1_195' title='bbox 913 2659 1162 2725; x_wconf 83' lang='lat' dir='ltr'>efficere</span> <span class='ocrx_word' id='word_1_196' title='bbox 1205 2662 1476 2725; x_wconf 91' lang='lat' dir='ltr'>student.</span> <span class='ocrx_word' id='word_1_197' title='bbox 1569 2661 1746 2738; x_wconf 83' lang='lat' dir='ltr'>Quae</span> <span class='ocrx_word' id='word_1_198' title='bbox 1787 2662 1869 2726; x_wconf 89' lang='lat' dir='ltr'>ad</span> <span class='ocrx_word' id='word_1_199' title='bbox 1913 2662 2285 2726; x_wconf 84' lang='lat' dir='ltr'>illustranda</span> <span class='ocrx_word' id='word_1_200' title='bbox 2330 2669 2403 2726; x_wconf 87' lang='lat' dir='ltr'>ut</span> <span class='ocrx_word' id='word_1_201' title='bbox 2446 2680 2518 2725; x_wconf 88' lang='lat' dir='ltr'>ex</span> <span class='ocrx_word' id='word_1_202' title='bbox 2564 2660 2748 2726; x_wconf 88' lang='lat' dir='ltr'>claris</span> <span class='ocrx_word' id='word_1_203' title='bbox 2792 2668 2856 2726; x_wconf 84' lang='lat' dir='ltr'>et</span> <span class='ocrx_word' id='word_1_204' title='bbox 2899 2663 3085 2726; x_wconf 88' lang='lat' dir='ltr'>certis</span> <span class='ocrx_word' id='word_1_205' title='bbox 3113 2661 3193 2725; x_wconf 89' lang='lat' dir='ltr'>ad</span> 
     </span>
     <span class='ocr_line' id='line_1_23' title="bbox 675 2765 3198 2847; baseline -0.001 -17"><span class='ocrx_word' id='word_1_206' title='bbox 675 2766 946 2830; x_wconf 87' lang='lat' dir='ltr'>obscura</span> <span class='ocrx_word' id='word_1_207' title='bbox 986 2772 1052 2829; x_wconf 89' lang='lat' dir='ltr'>et</span> <span class='ocrx_word' id='word_1_208' title='bbox 1092 2766 1330 2831; x_wconf 87' lang='lat' dir='ltr'>incerta</span> <span class='ocrx_word' id='word_1_209' title='bbox 1361 2766 1666 2843; x_wconf 87' lang='lat' dir='ltr'>veniatur,</span> <span class='ocrx_word' id='word_1_210' title='bbox 1707 2785 1779 2830; x_wconf 88' lang='lat' dir='ltr'>ex</span> <span class='ocrx_word' id='word_1_211' title='bbox 1809 2766 2026 2847; x_wconf 86' lang='lat' dir='ltr'>lingua</span> <span class='ocrx_word' id='word_1_212' title='bbox 2056 2765 2389 2829; x_wconf 88' lang='lat' dir='ltr'>vernacula</span> <span class='ocrx_word' id='word_1_213' title='bbox 2420 2765 2870 2829; x_wconf 89' lang='lat' dir='ltr'>documentum</span> <span class='ocrx_word' id='word_1_214' title='bbox 2904 2765 3198 2830; x_wconf 88' lang='lat' dir='ltr'>omnibus</span> 
     </span>
     <span class='ocr_line' id='line_1_24' title="bbox 673 2867 3196 2950; baseline -0.001 -18"><span class='ocrx_word' id='word_1_215' title='bbox 673 2869 1075 2950; x_wconf 89' lang='lat' dir='ltr'>perspicuum</span> <span class='ocrx_word' id='word_1_216' title='bbox 1126 2868 1497 2949; x_wconf 89' lang='lat' dir='ltr'>depromere</span> <span class='ocrx_word' id='word_1_217' title='bbox 1551 2869 1738 2932; x_wconf 88' lang='lat' dir='ltr'>iuvat.</span> <span class='ocrx_word' id='word_1_218' title='bbox 1829 2868 1991 2933; x_wconf 88' lang='lat' dir='ltr'>Cum</span> <span class='ocrx_word' id='word_1_219' title='bbox 2036 2886 2202 2933; x_wconf 87' lang='lat' dir='ltr'>anno</span> <span class='ocrx_word' id='word_1_220' title='bbox 2252 2868 2411 2930; x_wconf 78' lang='lat'>1817</span> <span class='ocrx_word' id='word_1_221' title='bbox 2464 2867 2709 2931; x_wconf 87' lang='lat' dir='ltr'>Goethe</span> <span class='ocrx_word' id='word_1_222' title='bbox 2752 2884 3071 2942; x_wconf 88' lang='lat' dir='ltr'>recusans,</span> <span class='ocrx_word' id='word_1_223' title='bbox 3114 2884 3196 2930; x_wconf 89' lang='lat' dir='ltr'>ne</span> 
     </span>
     <span class='ocr_line' id='line_1_25' title="bbox 674 2968 3196 3052; baseline -0.002 -17"><span class='ocrx_word' id='word_1_224' title='bbox 674 2989 892 3035; x_wconf 87' lang='lat' dir='ltr'>canem</span> <span class='ocrx_word' id='word_1_225' title='bbox 922 2972 988 3034; x_wconf 91' lang='lat' dir='ltr'>in</span> <span class='ocrx_word' id='word_1_226' title='bbox 1014 2988 1304 3035; x_wconf 88' lang='lat' dir='ltr'>scaenam</span> <span class='ocrx_word' id='word_1_227' title='bbox 1337 2972 1593 3052; x_wconf 91' lang='lat' dir='ltr'>prodire</span> <span class='ocrx_word' id='word_1_228' title='bbox 1623 2972 1876 3048; x_wconf 88' lang='lat' dir='ltr'>sineret,</span> <span class='ocrx_word' id='word_1_229' title='bbox 1906 2971 1985 3034; x_wconf 90' lang='lat' dir='ltr'>ab</span> <span class='ocrx_word' id='word_1_230' title='bbox 2016 2969 2457 3034; x_wconf 88' lang='lat' dir='ltr'>administrato</span> <span class='ocrx_word' id='word_1_231' title='bbox 2489 2968 2736 3034; x_wconf 84' lang='lat' dir='ltr'>theatro</span> <span class='ocrx_word' id='word_1_232' title='bbox 2768 2968 3196 3033; x_wconf 88' lang='lat' dir='ltr'>Weimariano</span> 
     </span>
     <span class='ocr_line' id='line_1_26' title="bbox 671 3072 3198 3153; baseline 0 -14"><span class='ocrx_word' id='word_1_233' title='bbox 671 3075 972 3139; x_wconf 88' lang='lat' dir='ltr'>secedere</span> <span class='ocrx_word' id='word_1_234' title='bbox 1025 3080 1278 3138; x_wconf 89' lang='lat' dir='ltr'>coactus</span> <span class='ocrx_word' id='word_1_235' title='bbox 1329 3080 1515 3153; x_wconf 88' lang='lat' dir='ltr'>esset,</span> <span class='ocrx_word' id='word_1_236' title='bbox 1593 3080 1732 3139; x_wconf 79' lang='lat' dir='ltr'>acta</span> <span class='ocrx_word' id='word_1_237' title='bbox 1781 3074 2009 3138; x_wconf 88' lang='lat' dir='ltr'>diurna</span> <span class='ocrx_word' id='word_1_238' title='bbox 2072 3072 2172 3137; x_wconf 88' lang='lat' dir='ltr'>his</span> <span class='ocrx_word' id='word_1_239' title='bbox 2230 3073 2519 3137; x_wconf 88' lang='lat' dir='ltr'>versibus</span> <span class='ocrx_word' id='word_1_240' title='bbox 2582 3090 2718 3137; x_wconf 91' lang='lat' dir='ltr'>rem</span> <span class='ocrx_word' id='word_1_241' title='bbox 2788 3077 3198 3139; x_wconf 88' lang='lat' dir='ltr'>notaverunt:</span> 
     </span>
     <span class='ocr_line' id='line_1_27' title="bbox 673 3173 3197 3258; baseline -0.002 -19"><span class='ocrx_word' id='word_1_242' title='bbox 673 3173 838 3240; x_wconf 57' lang='lat' dir='ltr'>&#39;Dem</span> <span class='ocrx_word' id='word_1_243' title='bbox 883 3176 1244 3239; x_wconf 70' lang='lat' dir='ltr'>Hundestall</span> <span class='ocrx_word' id='word_1_244' title='bbox 1295 3178 1408 3240; x_wconf 73' lang='lat' dir='ltr'>soll</span> <span class='ocrx_word' id='word_1_245' title='bbox 1459 3179 1554 3241; x_wconf 79' lang='lat' dir='ltr'>m‘e</span> <span class='ocrx_word' id='word_1_246' title='bbox 1605 3178 1701 3240; x_wconf 77' lang='lat' dir='ltr'>die</span> <span class='ocrx_word' id='word_1_247' title='bbox 1758 3177 1972 3239; x_wconf 72' lang='lat' dir='ltr'>Balme</span> <span class='ocrx_word' id='word_1_248' title='bbox 2024 3176 2302 3258; x_wconf 70' lang='lat' dir='ltr'>yleiclaeeu,</span> <span class='ocrx_word' id='word_1_249' title='bbox 2378 3174 2518 3235; x_wconf 77' lang='lat' dir='ltr'>Und</span> <span class='ocrx_word' id='word_1_250' title='bbox 2570 3176 2791 3237; x_wconf 79' lang='lat' dir='ltr'>lcommt</span> <span class='ocrx_word' id='word_1_251' title='bbox 2835 3176 2943 3235; x_wconf 80' lang='lat' dir='ltr'>der</span> <span class='ocrx_word' id='word_1_252' title='bbox 2986 3174 3197 3252; x_wconf 73' lang='lat' dir='ltr'>Pudet,</span> 
     </span>
     <span class='ocr_line' id='line_1_28' title="bbox 672 3273 3205 3344; baseline -0.002 -1"><span class='ocrx_word' id='word_1_253' title='bbox 672 3302 834 3343; x_wconf 74' lang='lat' dir='ltr'>mass</span> <span class='ocrx_word' id='word_1_254' title='bbox 875 3280 982 3341; x_wconf 77' lang='lat' dir='ltr'>der</span> <span class='ocrx_word' id='word_1_255' title='bbox 1027 3278 1278 3342; x_wconf 74' lang='lat' dir='ltr'>Dichter</span> <span class='ocrx_word' id='word_1_256' title='bbox 1319 3279 1586 3344; x_wconf 74' lang='lat' dir='ltr'>weichen.</span> <span class='ocrx_word' id='word_1_257' title='bbox 1673 3280 1813 3344; x_wconf 90' lang='lat' dir='ltr'>Hos</span> <span class='ocrx_word' id='word_1_258' title='bbox 1855 3278 2057 3343; x_wconf 89' lang='lat' dir='ltr'>facete</span> <span class='ocrx_word' id='word_1_259' title='bbox 2101 3284 2164 3342; x_wconf 87' lang='lat' dir='ltr'>et</span> <span class='ocrx_word' id='word_1_260' title='bbox 2206 3284 2432 3341; x_wconf 89' lang='lat' dir='ltr'>nasute</span> <span class='ocrx_word' id='word_1_261' title='bbox 2476 3294 2550 3339; x_wconf 90' lang='lat' dir='ltr'>ex</span> <span class='ocrx_word' id='word_1_262' title='bbox 2583 3274 2866 3340; x_wconf 84' lang='lat' dir='ltr'>Schilleri</span> <span class='ocrx_word' id='word_1_263' title='bbox 2911 3273 3205 3338; x_wconf 88' lang='lat' dir='ltr'>disticho:</span> 
     </span>
     <span class='ocr_line' id='line_1_29' title="bbox 677 3376 3205 3460; baseline -0.001 -16"><span class='ocrx_word' id='word_1_264' title='bbox 677 3381 813 3444; x_wconf 80' lang='lat' dir='ltr'>Der</span> <span class='ocrx_word' id='word_1_265' title='bbox 866 3381 1078 3444; x_wconf 69' lang='lat' dir='ltr'>Sclcein</span> <span class='ocrx_word' id='word_1_266' title='bbox 1129 3382 1240 3444; x_wconf 77' lang='lat' dir='ltr'>soll</span> <span class='ocrx_word' id='word_1_267' title='bbox 1291 3384 1386 3444; x_wconf 77' lang='lat' dir='ltr'>uie.</span> <span class='ocrx_word' id='word_1_268' title='bbox 1441 3383 1537 3445; x_wconf 74' lang='lat' dir='ltr'>die</span> <span class='ocrx_word' id='word_1_269' title='bbox 1579 3382 1976 3445; x_wconf 62' lang='lat' dir='ltr'>Wa&#39;rlcticlzkeit</span> <span class='ocrx_word' id='word_1_270' title='bbox 2030 3380 2344 3456; x_wconf 66' lang='lat' dir='ltr'>err-eichen,</span> <span class='ocrx_word' id='word_1_271' title='bbox 2430 3378 2571 3439; x_wconf 70' lang='lat' dir='ltr'>Umz</span> <span class='ocrx_word' id='word_1_272' title='bbox 2633 3379 2776 3460; x_wconf 68' lang='lat' dir='ltr'>sieqt</span> <span class='ocrx_word' id='word_1_273' title='bbox 2841 3376 3069 3453; x_wconf 76' lang='lat' dir='ltr'>Natar,</span> <span class='ocrx_word' id='word_1_274' title='bbox 3140 3402 3205 3441; x_wconf 80' lang='lat'>80</span> 
     </span>
     <span class='ocr_line' id='line_1_30' title="bbox 674 3479 3202 3565; baseline -0.001 -19"><span class='ocrx_word' id='word_1_275' title='bbox 674 3507 836 3546; x_wconf 57' lang='lat' dir='ltr'>musa</span> <span class='ocrx_word' id='word_1_276' title='bbox 879 3485 974 3546; x_wconf 76' lang='lat' dir='ltr'>die</span> <span class='ocrx_word' id='word_1_277' title='bbox 1019 3484 1220 3545; x_wconf 70' lang='lat' dir='ltr'>Ktmst</span> <span class='ocrx_word' id='word_1_278' title='bbox 1261 3485 1605 3547; x_wconf 75' lang='lat' dir='ltr'>entwez‘cken</span> <span class='ocrx_word' id='word_1_279' title='bbox 1646 3485 1726 3549; x_wconf 88' lang='lat' dir='ltr'>ad</span> <span class='ocrx_word' id='word_1_280' title='bbox 1772 3503 1907 3555; x_wconf 91' lang='lat' dir='ltr'>rem</span> <span class='ocrx_word' id='word_1_281' title='bbox 1948 3488 2345 3565; x_wconf 87' lang='lat' dir='ltr'>praesentem</span> <span class='ocrx_word' id='word_1_282' title='bbox 2397 3479 2737 3545; x_wconf 87' lang='lat' dir='ltr'>translatos</span> <span class='ocrx_word' id='word_1_283' title='bbox 2780 3499 2938 3558; x_wconf 89' lang='grc' dir='ltr'>θεεθ,</span> <span class='ocrx_word' id='word_1_284' title='bbox 2984 3500 3202 3562; x_wconf 88' lang='lat' dir='ltr'>quam-</span> 
     </span>
     <span class='ocr_line' id='line_1_31' title="bbox 677 3584 3200 3671; baseline -0.001 -21"><span class='ocrx_word' id='word_1_285' title='bbox 677 3604 863 3667; x_wconf 90' lang='lat' dir='ltr'>quam</span> <span class='ocrx_word' id='word_1_286' title='bbox 926 3604 1007 3649; x_wconf 92' lang='lat' dir='ltr'>ne</span> <span class='ocrx_word' id='word_1_287' title='bbox 1060 3606 1188 3650; x_wconf 91' lang='lat' dir='ltr'>uno</span> <span class='ocrx_word' id='word_1_288' title='bbox 1243 3587 1497 3668; x_wconf 90' lang='lat' dir='ltr'>quidem</span> <span class='ocrx_word' id='word_1_289' title='bbox 1553 3588 1841 3667; x_wconf 87' lang='lat' dir='ltr'>graviore</span> <span class='ocrx_word' id='word_1_290' title='bbox 1892 3585 2199 3671; x_wconf 82' lang='lat' dir='ltr'>vocabulo</span> <span class='ocrx_word' id='word_1_291' title='bbox 2259 3585 2658 3662; x_wconf 88' lang='lat' dir='ltr'>concordant,</span> <span class='ocrx_word' id='word_1_292' title='bbox 2714 3584 2816 3648; x_wconf 86' lang='lat' dir='ltr'>vix</span> <span class='ocrx_word' id='word_1_293' title='bbox 2870 3591 2985 3661; x_wconf 92' lang='grc' dir='ltr'>θεῖ,</span> <span class='ocrx_word' id='word_1_294' title='bbox 3029 3584 3200 3665; x_wconf 92' lang='lat' dir='ltr'>quod</span> 
     </span>
     <span class='ocr_line' id='line_1_32' title="bbox 678 3686 3200 3771; baseline -0 -20"><span class='ocrx_word' id='word_1_295' title='bbox 678 3706 992 3752; x_wconf 90' lang='lat' dir='ltr'>moneam.</span> <span class='ocrx_word' id='word_1_296' title='bbox 1077 3688 1280 3752; x_wconf 89' lang='lat' dir='ltr'>Multo</span> <span class='ocrx_word' id='word_1_297' title='bbox 1309 3697 1520 3754; x_wconf 88' lang='lat' dir='ltr'>autem</span> <span class='ocrx_word' id='word_1_298' title='bbox 1552 3686 1875 3753; x_wconf 88' lang='lat' dir='ltr'>difficilius</span> <span class='ocrx_word' id='word_1_299' title='bbox 1904 3707 2093 3771; x_wconf 89' lang='lat' dir='ltr'>quam</span> <span class='ocrx_word' id='word_1_300' title='bbox 2139 3688 2344 3765; x_wconf 88' lang='lat' dir='ltr'>hodie,</span> <span class='ocrx_word' id='word_1_301' title='bbox 2392 3688 2500 3751; x_wconf 89' lang='lat' dir='ltr'>ubi</span> <span class='ocrx_word' id='word_1_302' title='bbox 2544 3705 2706 3768; x_wconf 88' lang='lat' dir='ltr'>quae</span> <span class='ocrx_word' id='word_1_303' title='bbox 2749 3688 2942 3751; x_wconf 90' lang='lat' dir='ltr'>verba</span> <span class='ocrx_word' id='word_1_304' title='bbox 2985 3688 3200 3751; x_wconf 89' lang='lat' dir='ltr'>volent</span> 
     </span>
     <span class='ocr_line' id='line_1_33' title="bbox 677 3789 3205 3872; baseline 0 -19"><span class='ocrx_word' id='word_1_305' title='bbox 677 3808 792 3871; x_wconf 90' lang='lat' dir='ltr'>per</span> <span class='ocrx_word' id='word_1_306' title='bbox 822 3809 932 3855; x_wconf 88' lang='lat' dir='ltr'>ora</span> <span class='ocrx_word' id='word_1_307' title='bbox 970 3791 1314 3869; x_wconf 89' lang='lat' dir='ltr'>hominum,</span> <span class='ocrx_word' id='word_1_308' title='bbox 1359 3792 1512 3856; x_wconf 86' lang='lat' dir='ltr'>satis</span> <span class='ocrx_word' id='word_1_309' title='bbox 1543 3797 1760 3856; x_wconf 90' lang='lat' dir='ltr'>notum</span> <span class='ocrx_word' id='word_1_310' title='bbox 1801 3797 1916 3869; x_wconf 90' lang='lat' dir='ltr'>est,</span> <span class='ocrx_word' id='word_1_311' title='bbox 1961 3792 2133 3872; x_wconf 90' lang='lat' dir='ltr'>apud</span> <span class='ocrx_word' id='word_1_312' title='bbox 2176 3792 2469 3871; x_wconf 85' lang='lat' dir='ltr'>antiquos</span> <span class='ocrx_word' id='word_1_313' title='bbox 2514 3789 2673 3853; x_wconf 88' lang='lat' dir='ltr'>tales</span> <span class='ocrx_word' id='word_1_314' title='bbox 2720 3789 3205 3871; x_wconf 84' lang='lat' dir='ltr'>significationes</span> 
     </span>
     <span class='ocr_line' id='line_1_34' title="bbox 679 3893 2417 3984; baseline 0.001 -28"><span class='ocrx_word' id='word_1_315' title='bbox 679 3899 742 3957; x_wconf 92' lang='lat' dir='ltr'>et</span> <span class='ocrx_word' id='word_1_316' title='bbox 785 3893 1062 3984; x_wconf 84' lang='lat' dir='ltr'>rationes</span> <span class='ocrx_word' id='word_1_317' title='bbox 1109 3894 1509 3975; x_wconf 84' lang='lat' dir='ltr'>deteguntur,</span> <span class='ocrx_word' id='word_1_318' title='bbox 1553 3893 1753 3958; x_wconf 90' lang='lat' dir='ltr'>multo</span> <span class='ocrx_word' id='word_1_319' title='bbox 1799 3895 2009 3958; x_wconf 90' lang='lat' dir='ltr'>minus</span> <span class='ocrx_word' id='word_1_320' title='bbox 2054 3893 2417 3957; x_wconf 88' lang='lat' dir='ltr'>creduntur.</span> 
     </span>
    </p>

    <p class='ocr_par' dir='ltr' id='par_1_5' title="bbox 671 3993 3209 4894">
     <span class='ocr_line' id='line_1_35' title="bbox 889 3993 3204 4078; baseline -0 -19"><span class='ocrx_word' id='word_1_321' title='bbox 889 3995 1212 4060; x_wconf 86' lang='lat' dir='ltr'>Nonnulla</span> <span class='ocrx_word' id='word_1_322' title='bbox 1264 4004 1474 4060; x_wconf 90' lang='lat' dir='ltr'>tamen</span> <span class='ocrx_word' id='word_1_323' title='bbox 1523 3995 1809 4078; x_wconf 87' lang='lat' dir='ltr'>exempla</span> <span class='ocrx_word' id='word_1_324' title='bbox 1867 4003 2015 4061; x_wconf 90' lang='lat' dir='ltr'>sunt</span> <span class='ocrx_word' id='word_1_325' title='bbox 2068 3993 2418 4062; x_wconf 86' lang='lat' dir='ltr'>manifesta.</span> <span class='ocrx_word' id='word_1_326' title='bbox 2506 3996 2848 4073; x_wconf 93' lang='lat' dir='ltr'>Tiberium,</span> <span class='ocrx_word' id='word_1_327' title='bbox 2902 3996 3011 4076; x_wconf 89' lang='lat' dir='ltr'>qui</span> <span class='ocrx_word' id='word_1_328' title='bbox 3060 4013 3204 4059; x_wconf 92' lang='lat' dir='ltr'>con-</span> 
     </span>
     <span class='ocr_line' id='line_1_36' title="bbox 680 4097 3205 4180; baseline 0.001 -20"><span class='ocrx_word' id='word_1_329' title='bbox 680 4097 858 4161; x_wconf 89' lang='lat' dir='ltr'>viciis</span> <span class='ocrx_word' id='word_1_330' title='bbox 931 4097 1261 4162; x_wconf 88' lang='lat' dir='ltr'>lacessitus</span> <span class='ocrx_word' id='word_1_331' title='bbox 1341 4099 1550 4162; x_wconf 91' lang='lat' dir='ltr'>dicere</span> <span class='ocrx_word' id='word_1_332' title='bbox 1623 4098 1867 4163; x_wconf 89' lang='lat' dir='ltr'>solebat</span> <span class='ocrx_word' id='word_1_333' title='bbox 1944 4101 2197 4175; x_wconf 75' lang='lat' dir='ltr'>oderint,</span> <span class='ocrx_word' id='word_1_334' title='bbox 2274 4102 2420 4160; x_wconf 80' lang='lat' dir='ltr'>dum</span> <span class='ocrx_word' id='word_1_335' title='bbox 2487 4100 2741 4180; x_wconf 81' lang='lat' dir='ltr'>probent</span> <span class='ocrx_word' id='word_1_336' title='bbox 2816 4098 3011 4179; x_wconf 85' lang='lat' dir='ltr'>(Suet.</span> <span class='ocrx_word' id='word_1_337' title='bbox 3080 4101 3205 4176; x_wconf 85' lang='lat'>59),</span> 
     </span>
     <span class='ocr_line' id='line_1_37' title="bbox 677 4199 3203 4281; baseline 0 -18"><span class='ocrx_word' id='word_1_338' title='bbox 677 4200 979 4281; x_wconf 86' lang='lat' dir='ltr'>tragicam</span> <span class='ocrx_word' id='word_1_339' title='bbox 1041 4199 1209 4263; x_wconf 92' lang='lat' dir='ltr'>illam</span> <span class='ocrx_word' id='word_1_340' title='bbox 1269 4219 1485 4265; x_wconf 82' lang='lat' dir='ltr'>vocem</span> <span class='ocrx_word' id='word_1_341' title='bbox 1544 4202 1791 4279; x_wconf 75' lang='lat' dir='ltr'>oderint,</span> <span class='ocrx_word' id='word_1_342' title='bbox 1829 4202 2003 4273; x_wconf 78' lang='lat' dir='ltr'>,dum</span> <span class='ocrx_word' id='word_1_343' title='bbox 2055 4212 2329 4277; x_wconf 76' lang='lat' dir='ltr'>metu-ant,</span> <span class='ocrx_word' id='word_1_344' title='bbox 2397 4201 2461 4263; x_wconf 91' lang='lat' dir='ltr'>in</span> <span class='ocrx_word' id='word_1_345' title='bbox 2530 4200 2758 4264; x_wconf 89' lang='lat' dir='ltr'>melius</span> <span class='ocrx_word' id='word_1_346' title='bbox 2810 4201 3076 4264; x_wconf 89' lang='lat' dir='ltr'>vertisse</span> <span class='ocrx_word' id='word_1_347' title='bbox 3140 4201 3203 4263; x_wconf 92' lang='lat' dir='ltr'>in</span> 
     </span>
     <span class='ocr_line' id='line_1_38' title="bbox 679 4302 3208 4383; baseline 0 -18"><span class='ocrx_word' id='word_1_348' title='bbox 679 4302 1016 4383; x_wconf 87' lang='lat' dir='ltr'>propatulo</span> <span class='ocrx_word' id='word_1_349' title='bbox 1079 4310 1193 4379; x_wconf 90' lang='lat' dir='ltr'>est,</span> <span class='ocrx_word' id='word_1_350' title='bbox 1259 4322 1376 4368; x_wconf 92' lang='lat' dir='ltr'>nec</span> <span class='ocrx_word' id='word_1_351' title='bbox 1431 4304 1643 4368; x_wconf 88' lang='lat' dir='ltr'>minus</span> <span class='ocrx_word' id='word_1_352' title='bbox 1707 4304 1970 4367; x_wconf 89' lang='lat' dir='ltr'>eandem</span> <span class='ocrx_word' id='word_1_353' title='bbox 2037 4304 2117 4368; x_wconf 90' lang='lat' dir='ltr'>ad</span> <span class='ocrx_word' id='word_1_354' title='bbox 2172 4302 2661 4367; x_wconf 89' lang='lat' dir='ltr'>Constantinum</span> <span class='ocrx_word' id='word_1_355' title='bbox 2722 4302 2986 4367; x_wconf 88' lang='lat' dir='ltr'>contulit</span> <span class='ocrx_word' id='word_1_356' title='bbox 3036 4304 3208 4367; x_wconf 92' lang='lat' dir='ltr'>buci-</span> 
     </span>
     <span class='ocr_line' id='line_1_39' title="bbox 679 4404 3203 4487; baseline 0 -19"><span class='ocrx_word' id='word_1_357' title='bbox 679 4412 862 4468; x_wconf 90' lang='lat' dir='ltr'>nator</span> <span class='ocrx_word' id='word_1_358' title='bbox 905 4404 1028 4480; x_wconf 89' lang='lat' dir='ltr'>ille,</span> <span class='ocrx_word' id='word_1_359' title='bbox 1074 4404 1183 4484; x_wconf 92' lang='lat' dir='ltr'>qui</span> <span class='ocrx_word' id='word_1_360' title='bbox 1235 4424 1445 4469; x_wconf 91' lang='lat' dir='ltr'>coram</span> <span class='ocrx_word' id='word_1_361' title='bbox 1507 4407 1891 4487; x_wconf 84' lang='lat' dir='ltr'>imperatore</span> <span class='ocrx_word' id='word_1_362' title='bbox 1951 4407 2407 4487; x_wconf 88' lang='lat' dir='ltr'>proclamabat:</span> <span class='ocrx_word' id='word_1_363' title='bbox 2480 4418 2533 4468; x_wconf 78' lang='lat' dir='ltr'>te</span> <span class='ocrx_word' id='word_1_364' title='bbox 2595 4429 2746 4483; x_wconf 83' lang='lat' dir='ltr'>vero,</span> <span class='ocrx_word' id='word_1_365' title='bbox 2810 4405 3203 4483; x_wconf 77' lang='lat' dir='ltr'>Constant-ine,</span> 
     </span>
     <span class='ocr_line' id='line_1_40' title="bbox 679 4508 3204 4591; baseline 0.001 -22"><span class='ocrx_word' id='word_1_366' title='bbox 679 4509 1104 4591; x_wconf 74' lang='lat' dir='ltr'>quantumlibet</span> <span class='ocrx_word' id='word_1_367' title='bbox 1165 4510 1396 4570; x_wconf 75' lang='lat' dir='ltr'>oderint</span> <span class='ocrx_word' id='word_1_368' title='bbox 1455 4509 1660 4587; x_wconf 71' lang='lat' dir='ltr'>hostes,</span> <span class='ocrx_word' id='word_1_369' title='bbox 1723 4510 1867 4571; x_wconf 82' lang='lat' dir='ltr'>dum</span> <span class='ocrx_word' id='word_1_370' title='bbox 1930 4510 2386 4591; x_wconf 73' lang='lat' dir='ltr'>perhorrescant</span> <span class='ocrx_word' id='word_1_371' title='bbox 2450 4514 2698 4590; x_wconf 83' lang='lat' dir='ltr'>(paneg.</span> <span class='ocrx_word' id='word_1_372' title='bbox 2756 4508 2859 4572; x_wconf 83' lang='lat' dir='ltr'>lat.</span> <span class='ocrx_word' id='word_1_373' title='bbox 2906 4508 3034 4572; x_wconf 91' lang='lat' dir='ltr'>VII</span> <span class='ocrx_word' id='word_1_374' title='bbox 3086 4510 3204 4591; x_wconf 89' lang='grc'><strong>10).</strong></span> 
     </span>
     <span class='ocr_line' id='line_1_41' title="bbox 683 4609 3203 4690; baseline -0.002 -15"><span class='ocrx_word' id='word_1_375' title='bbox 683 4610 972 4687; x_wconf 87' lang='lat' dir='ltr'>Statium,</span> <span class='ocrx_word' id='word_1_376' title='bbox 1019 4611 1125 4690; x_wconf 91' lang='lat' dir='ltr'>qui</span> <span class='ocrx_word' id='word_1_377' title='bbox 1162 4630 1200 4673; x_wconf 93' lang='lat' dir='ltr'>a</span> <span class='ocrx_word' id='word_1_378' title='bbox 1240 4611 1604 4675; x_wconf 90' lang='lat' dir='ltr'>Domitiano</span> <span class='ocrx_word' id='word_1_379' title='bbox 1649 4613 1730 4676; x_wconf 89' lang='lat' dir='ltr'>ad</span> <span class='ocrx_word' id='word_1_380' title='bbox 1774 4630 1991 4676; x_wconf 90' lang='lat' dir='ltr'>cenam</span> <span class='ocrx_word' id='word_1_381' title='bbox 2040 4617 2298 4675; x_wconf 90' lang='lat' dir='ltr'>vocatus</span> <span class='ocrx_word' id='word_1_382' title='bbox 2344 4610 2465 4674; x_wconf 92' lang='lat' dir='ltr'>sibi</span> <span class='ocrx_word' id='word_1_383' title='bbox 2513 4609 2827 4689; x_wconf 86' lang='lat' dir='ltr'>gloriosus</span> <span class='ocrx_word' id='word_1_384' title='bbox 2871 4609 3203 4673; x_wconf 90' lang='lat' dir='ltr'>videbatur</span> 
     </span>
     <span class='ocr_line' id='line_1_42' title="bbox 681 4712 3200 4795; baseline -0.001 -21"><span class='ocrx_word' id='word_1_385' title='bbox 681 4713 1044 4774; x_wconf 74' lang='lat' dir='ltr'>discumbere</span> <span class='ocrx_word' id='word_1_386' title='bbox 1085 4716 1147 4775; x_wconf 82' lang='lat' dir='ltr'>in</span> <span class='ocrx_word' id='word_1_387' title='bbox 1191 4715 1368 4776; x_wconf 73' lang='lat' dir='ltr'>astris</span> <span class='ocrx_word' id='word_1_388' title='bbox 1411 4719 1482 4794; x_wconf 86' lang='lat' dir='ltr'>(S.</span> <span class='ocrx_word' id='word_1_389' title='bbox 1529 4715 1620 4779; x_wconf 94' lang='lat' dir='ltr'>IV</span> <span class='ocrx_word' id='word_1_390' title='bbox 1665 4717 1853 4795; x_wconf 78' lang='lat'>2‚10),</span> <span class='ocrx_word' id='word_1_391' title='bbox 1894 4713 2164 4778; x_wconf 85' lang='lat' dir='ltr'>Didonis</span> <span class='ocrx_word' id='word_1_392' title='bbox 2204 4712 2443 4793; x_wconf 84' lang='lat' dir='ltr'>epulaS‚</span> <span class='ocrx_word' id='word_1_393' title='bbox 2489 4712 2601 4775; x_wconf 89' lang='lat' dir='ltr'>ubi</span> <span class='ocrx_word' id='word_1_394' title='bbox 2630 4713 3015 4774; x_wconf 72' lang='lat' dir='ltr'>discumbitur</span> <span class='ocrx_word' id='word_1_395' title='bbox 3042 4722 3200 4773; x_wconf 76' lang='lat' dir='ltr'>ostro</span> 
     </span>
     <span class='ocr_line' id='line_1_43' title="bbox 671 4814 3209 4894; baseline -0.002 -13"><span class='ocrx_word' id='word_1_396' title='bbox 671 4816 897 4894; x_wconf 69' lang='lat' dir='ltr'>(Verg.</span> <span class='ocrx_word' id='word_1_397' title='bbox 939 4815 1013 4879; x_wconf 91' lang='lat' dir='ltr'>A.</span> <span class='ocrx_word' id='word_1_398' title='bbox 1059 4815 1092 4877; x_wconf 94' lang='lat' dir='ltr'>I</span> <span class='ocrx_word' id='word_1_399' title='bbox 1140 4818 1261 4879; x_wconf 82' lang='lat'>700</span> <span class='ocrx_word' id='word_1_400' title='bbox 1282 4844 1308 4893; x_wconf 89' lang='lat'>·‚</span> <span class='ocrx_word' id='word_1_401' title='bbox 1363 4818 1426 4880; x_wconf 89' lang='lat' dir='ltr'>in</span> <span class='ocrx_word' id='word_1_402' title='bbox 1473 4818 1676 4881; x_wconf 86' lang='lat' dir='ltr'>maius</span> <span class='ocrx_word' id='word_1_403' title='bbox 1730 4817 2029 4881; x_wconf 84' lang='lat' dir='ltr'>extollere</span> <span class='ocrx_word' id='word_1_404' title='bbox 2075 4815 2350 4880; x_wconf 92' lang='lat' dir='ltr'>voluisse</span> <span class='ocrx_word' id='word_1_405' title='bbox 2393 4822 2597 4879; x_wconf 87' lang='lat' dir='ltr'>totum</span> <span class='ocrx_word' id='word_1_406' title='bbox 2640 4832 2905 4879; x_wconf 70' lang='lat' dir='ltr'>carmen</span> <span class='ocrx_word' id='word_1_407' title='bbox 2952 4814 3209 4893; x_wconf 84' lang='lat' dir='ltr'>clamat3</span> 
     </span>
    </p>
   </div>
  </div>
 </body>
</html>
