<?xml version="1.0" encoding="UTF-8"?>
<!DOCTYPE html PUBLIC "-//W3C//DTD XHTML 1.0 Transitional//EN"
    "http://www.w3.org/TR/xhtml1/DTD/xhtml1-transitional.dtd">
<html xmlns="http://www.w3.org/1999/xhtml" xml:lang="en" lang="en">
 <head>
  <title>
</title>
<meta http-equiv="Content-Type" content="text/html;charset=utf-8" />
  <meta name='ocr-system' content='tesseract 3.04.00' />
  <meta name='ocr-capabilities' content='ocr_page ocr_carea ocr_par ocr_line ocrx_word'/>
</head>
<body>
  <div class='ocr_page' id='page_1' title='image "./deimitationescr01hosigoog_0025.png"; bbox 0 0 3663 5495; ppageno 0'>
   <div class='ocr_carea' id='block_1_1' title="bbox 1567 463 1983 526">
    <p class='ocr_par' dir='ltr' id='par_1_1' title="bbox 1567 463 1983 526">
     <span class='ocr_line' id='line_1_1' title="bbox 1567 463 1983 526; baseline 0.01 -20"><span class='ocrx_word' id='word_1_1' title='bbox 1567 463 1983 526; x_wconf 38' lang='lat'>*23*</span> 
     </span>
    </p>
   </div>
   <div class='ocr_carea' id='block_1_2' title="bbox 678 639 2639 1655">
    <p class='ocr_par' dir='ltr' id='par_1_2' title="bbox 678 639 2639 1655">
     <span class='ocr_line' id='line_1_2' title="bbox 841 639 2639 731; baseline 0.007 -27"><span class='ocrx_word' id='word_1_2' title='bbox 841 639 1020 704; x_wconf 83' lang='lat' dir='ltr'>Stare</span> <span class='ocrx_word' id='word_1_3' title='bbox 1066 641 1176 704; x_wconf 86' lang='lat' dir='ltr'>diu</span> <span class='ocrx_word' id='word_1_4' title='bbox 1223 643 1543 724; x_wconf 90' lang='lat' dir='ltr'>nimioque</span> <span class='ocrx_word' id='word_1_5' title='bbox 1588 661 1812 725; x_wconf 88' lang='lat' dir='ltr'>graves</span> <span class='ocrx_word' id='word_1_6' title='bbox 1858 646 1979 710; x_wconf 90' lang='lat' dir='ltr'>sub·</span> <span class='ocrx_word' id='word_1_7' title='bbox 2020 647 2301 727; x_wconf 83' lang='lat' dir='ltr'>pondere</span> <span class='ocrx_word' id='word_1_8' title='bbox 2348 649 2567 731; x_wconf 85' lang='lat' dir='ltr'>lapsus</span> <span class='ocrx_word' id='word_1_9' title='bbox 2636 653 2639 658; x_wconf 80' lang='grc'><strong>’</strong></span> 
     </span>
     <span class='ocr_line' id='line_1_3' title="bbox 843 741 2591 831; baseline 0.007 -27"><span class='ocrx_word' id='word_1_10' title='bbox 843 741 977 806; x_wconf 89' lang='lat' dir='ltr'>Nec</span> <span class='ocrx_word' id='word_1_11' title='bbox 1003 750 1089 806; x_wconf 80' lang='lat' dir='ltr'>&#39;se</span> <span class='ocrx_word' id='word_1_12' title='bbox 1137 743 1341 808; x_wconf 89' lang='lat' dir='ltr'>Roma</span> <span class='ocrx_word' id='word_1_13' title='bbox 1383 744 1609 813; x_wconf 83' lang='lat' dir='ltr'>ferens,</span> <span class='ocrx_word' id='word_1_14' title='bbox 1701 747 1805 811; x_wconf 88' lang='lat' dir='ltr'>Sic</span> <span class='ocrx_word' id='word_1_15' title='bbox 1854 764 1995 812; x_wconf 89' lang='lat' dir='ltr'>cum</span> <span class='ocrx_word' id='word_1_16' title='bbox 2042 767 2321 831; x_wconf 80' lang='lat' dir='ltr'>conpage</span> <span class='ocrx_word' id='word_1_17' title='bbox 2368 753 2591 817; x_wconf 89' lang='lat' dir='ltr'>soluta·</span> 
     </span>
     <span class='ocr_line' id='line_1_4' title="bbox 844 843 2366 932; baseline 0.007 -25"><span class='ocrx_word' id='word_1_18' title='bbox 844 843 1107 909; x_wconf 90' lang='lat' dir='ltr'>Saecula</span> <span class='ocrx_word' id='word_1_19' title='bbox 1150 851 1245 909; x_wconf 88' lang='lat' dir='ltr'>tot</span> <span class='ocrx_word' id='word_1_20' title='bbox 1289 848 1508 911; x_wconf 90' lang='lat' dir='ltr'>mundi</span> <span class='ocrx_word' id='word_1_21' title='bbox 1552 867 1849 930; x_wconf 83' lang='lat' dir='ltr'>suprema</span> <span class='ocrx_word' id='word_1_22' title='bbox 1892 849 2168 932; x_wconf 80' lang='lat' dir='ltr'>coegerit</span> <span class='ocrx_word' id='word_1_23' title='bbox 2210 853 2366 918; x_wconf 89' lang='lat' dir='ltr'>hora</span> 
     </span>
     <span class='ocr_line' id='line_1_5' title="bbox 841 937 2559 1030; baseline 0.007 -21"><span class='ocrx_word' id='word_1_24' title='bbox 841 948 1191 1028; x_wconf 89' lang='lat' dir='ltr'>Antiquum</span> <span class='ocrx_word' id='word_1_25' title='bbox 1229 956 1522 1030; x_wconf 90' lang='lat' dir='ltr'>repetens</span> <span class='ocrx_word' id='word_1_26' title='bbox 1565 937 1793 1015; x_wconf 88' lang='lat' dir='ltr'>iterum</span> <span class='ocrx_word' id='word_1_27' title='bbox 1841 952 2047 1030; x_wconf 84' lang='lat' dir='ltr'>chaoS,</span> <span class='ocrx_word' id='word_1_28' title='bbox 2094 955 2306 1018; x_wconf 85' lang='lat' dir='ltr'>omnia</span> <span class='ocrx_word' id='word_1_29' title='bbox 2350 957 2559 1022; x_wconf 84' lang='lat' dir='ltr'><strong>mixtis</strong></span> 
     </span>
     <span class='ocr_line' id='line_1_6' title="bbox 679 1048 2387 1137; baseline 0.006 -27"><span class='ocrx_word' id='word_1_30' title='bbox 679 1052 755 1110; x_wconf 82' lang='grc'>75</span> <span class='ocrx_word' id='word_1_31' title='bbox 847 1049 1066 1114; x_wconf 81' lang='lat' dir='ltr'>Sidera</span> <span class='ocrx_word' id='word_1_32' title='bbox 1113 1051 1440 1116; x_wconf 81' lang='lat' dir='ltr'>sideribus·</span> <span class='ocrx_word' id='word_1_33' title='bbox 1467 1048 1859 1131; x_wconf 78' lang='lat' dir='ltr'>concurrent,</span> <span class='ocrx_word' id='word_1_34' title='bbox 1899 1051 2085 1136; x_wconf 86' lang='lat' dir='ltr'>ignea</span> <span class='ocrx_word' id='word_1_35' title='bbox 2121 1048 2387 1137; x_wconf 81' lang='lat' dir='ltr'>pontum</span> 
     </span>
     <span class='ocr_line' id='line_1_7' title="bbox 843 1153 2385 1234; baseline 0.006 -20"><span class='ocrx_word' id='word_1_36' title='bbox 843 1153 1038 1215; x_wconf 82' lang='lat' dir='ltr'><strong>Astra</strong></span> <span class='ocrx_word' id='word_1_37' title='bbox 1082 1159 1318 1234; x_wconf 87' lang='lat' dir='ltr'>petent,</span> <span class='ocrx_word' id='word_1_38' title='bbox 1365 1155 1554 1219; x_wconf 90' lang='lat' dir='ltr'>tellus</span> <span class='ocrx_word' id='word_1_39' title='bbox 1600 1157 1940 1221; x_wconf 81' lang='lat' dir='ltr'>extendere</span> <span class='ocrx_word' id='word_1_40' title='bbox 1982 1157 2166 1223; x_wconf 84' lang='lat' dir='ltr'>litora</span> <span class='ocrx_word' id='word_1_41' title='bbox 2213 1159 2385 1225; x_wconf 90' lang='lat' dir='ltr'>nolet</span> 
     </span>
     <span class='ocr_line' id='line_1_8' title="bbox 843 1255 2429 1337; baseline 0.005 -19"><span class='ocrx_word' id='word_1_42' title='bbox 843 1255 1258 1337; x_wconf 81' lang='lat' dir='ltr'>Excutietque</span> <span class='ocrx_word' id='word_1_43' title='bbox 1299 1255 1551 1336; x_wconf 89' lang='lat' dir='ltr'>fretum,</span> <span class='ocrx_word' id='word_1_44' title='bbox 1595 1257 1774 1323; x_wconf 89' lang='lat' dir='ltr'>fratri</span> <span class='ocrx_word' id='word_1_45' title='bbox 1817 1262 2128 1326; x_wconf 83' lang='lat' dir='ltr'>contraria</span> <span class='ocrx_word' id='word_1_46' title='bbox 2171 1262 2429 1326; x_wconf 82' lang='lat' dir='ltr'>Phoebe</span> 
     </span>
     <span class='ocr_line' id='line_1_9' title="bbox 837 1356 2365 1444; baseline 0.007 -25"><span class='ocrx_word' id='word_1_47' title='bbox 837 1356 966 1420; x_wconf 88' lang='lat' dir='ltr'>Ibit</span> <span class='ocrx_word' id='word_1_48' title='bbox 1009 1365 1074 1422; x_wconf 91' lang='lat' dir='ltr'>et</span> <span class='ocrx_word' id='word_1_49' title='bbox 1117 1359 1441 1440; x_wconf 87' lang='lat' dir='ltr'>obliquum</span> <span class='ocrx_word' id='word_1_50' title='bbox 1490 1361 1668 1442; x_wconf 83' lang='lat' dir='ltr'>bigas</span> <span class='ocrx_word' id='word_1_51' title='bbox 1713 1364 1951 1443; x_wconf 87' lang='lat' dir='ltr'>agitare</span> <span class='ocrx_word' id='word_1_52' title='bbox 1994 1381 2109 1444; x_wconf 90' lang='lat' dir='ltr'>per</span> <span class='ocrx_word' id='word_1_53' title='bbox 2148 1365 2365 1428; x_wconf 90' lang='lat' dir='ltr'>orbem</span> 
     </span>
     <span class='ocr_line' id='line_1_10' title="bbox 841 1460 2421 1548; baseline 0.006 -25"><span class='ocrx_word' id='word_1_54' title='bbox 841 1460 1176 1540; x_wconf 82' lang='lat' dir='ltr'>Indignata</span> <span class='ocrx_word' id='word_1_55' title='bbox 1223 1463 1388 1526; x_wconf 89' lang='lat' dir='ltr'>diem</span> <span class='ocrx_word' id='word_1_56' title='bbox 1432 1471 1653 1544; x_wconf 91' lang='lat' dir='ltr'>poscet</span> <span class='ocrx_word' id='word_1_57' title='bbox 1693 1466 1830 1542; x_wconf 87' lang='lat' dir='ltr'>sibi,</span> <span class='ocrx_word' id='word_1_58' title='bbox 1875 1475 2135 1548; x_wconf 85' lang='lat' dir='ltr'>totaque</span> <span class='ocrx_word' id='word_1_59' title='bbox 2179 1468 2421 1533; x_wconf 83' lang='lat' dir='ltr'>discors</span> 
     </span>
     <span class='ocr_line' id='line_1_11' title="bbox 678 1563 2317 1655; baseline 0.006 -30"><span class='ocrx_word' id='word_1_60' title='bbox 678 1565 760 1626; x_wconf 87' lang='lat'>80</span> <span class='ocrx_word' id='word_1_61' title='bbox 847 1563 1136 1628; x_wconf 84' lang='lat' dir='ltr'>Machina</span> <span class='ocrx_word' id='word_1_62' title='bbox 1183 1565 1408 1629; x_wconf 88' lang='lat' dir='ltr'>divolsi</span> <span class='ocrx_word' id='word_1_63' title='bbox 1452 1568 1731 1655; x_wconf 82' lang='lat' dir='ltr'>turbabit</span> <span class='ocrx_word' id='word_1_64' title='bbox 1774 1567 2031 1634; x_wconf 84' lang='lat' dir='ltr'>foedera</span> <span class='ocrx_word' id='word_1_65' title='bbox 2080 1572 2317 1637; x_wconf 88' lang='lat' dir='ltr'>mundi.</span> 
     </span>
    </p>
   </div>
   <div class='ocr_carea' id='block_1_3' title="bbox 510 2119 577 2170">
    <p class='ocr_par' dir='ltr' id='par_1_3' title="bbox 510 2119 577 2170">
     <span class='ocr_line' id='line_1_12' title="bbox 510 2119 577 2170; baseline 0 0"><span class='ocrx_word' id='word_1_66' title='bbox 510 2119 577 2170; x_wconf 85' lang='lat'>72</span> 
     </span>
    </p>
   </div>
   <div class='ocr_carea' id='block_1_4' title="bbox 510 2573 576 2624">
    <p class='ocr_par' dir='ltr' id='par_1_4' title="bbox 510 2573 576 2624">
     <span class='ocr_line' id='line_1_13' title="bbox 510 2573 576 2624; baseline 0 0"><span class='ocrx_word' id='word_1_67' title='bbox 510 2573 576 2624; x_wconf 80' lang='lat'>72</span> 
     </span>
    </p>
   </div>
   <div class='ocr_carea' id='block_1_5' title="bbox 510 3299 580 3456">
    <p class='ocr_par' dir='ltr' id='par_1_5' title="bbox 510 3299 580 3456">
     <span class='ocr_line' id='line_1_14' title="bbox 510 3299 577 3350; baseline 0.015 -1"><span class='ocrx_word' id='word_1_68' title='bbox 510 3299 577 3350; x_wconf 87' lang='lat'>73</span> 
     </span>
     <span class='ocr_line' id='line_1_15' title="bbox 511 3406 580 3456; baseline 0 0"><span class='ocrx_word' id='word_1_69' title='bbox 511 3406 580 3456; x_wconf 86' lang='lat'>74</span> 
     </span>
    </p>
   </div>
   <div class='ocr_carea' id='block_1_6' title="bbox 511 3774 578 3825">
    <p class='ocr_par' dir='ltr' id='par_1_6' title="bbox 511 3774 578 3825">
     <span class='ocr_line' id='line_1_16' title="bbox 511 3774 578 3825; baseline 0 0"><span class='ocrx_word' id='word_1_70' title='bbox 511 3774 578 3825; x_wconf 79' lang='lat'>75</span> 
     </span>
    </p>
   </div>
   <div class='ocr_carea' id='block_1_7' title="bbox 510 3970 576 4019">
    <p class='ocr_par' dir='ltr' id='par_1_7' title="bbox 510 3970 576 4019">
     <span class='ocr_line' id='line_1_17' title="bbox 510 3970 576 4019; baseline 0 0"><span class='ocrx_word' id='word_1_71' title='bbox 510 3970 576 4019; x_wconf 90' lang='lat'>77</span> 
     </span>
    </p>
   </div>
   <div class='ocr_carea' id='block_1_8' title="bbox 509 4252 577 4304">
    <p class='ocr_par' dir='ltr' id='par_1_8' title="bbox 509 4252 577 4304">
     <span class='ocr_line' id='line_1_18' title="bbox 509 4252 577 4304; baseline 0.029 -2"><span class='ocrx_word' id='word_1_72' title='bbox 509 4252 577 4304; x_wconf 86' lang='lat'>78</span> 
     </span>
    </p>
   </div>
   <div class='ocr_carea' id='block_1_9' title="bbox 511 4427 581 4585">
    <p class='ocr_par' dir='ltr' id='par_1_9' title="bbox 511 4427 581 4585">
     <span class='ocr_line' id='line_1_19' title="bbox 513 4427 580 4477; baseline 0 0"><span class='ocrx_word' id='word_1_73' title='bbox 513 4427 580 4477; x_wconf 84' lang='lat'>79</span> 
     </span>
     <span class='ocr_line' id='line_1_20' title="bbox 511 4534 581 4585; baseline 0 0"><span class='ocrx_word' id='word_1_74' title='bbox 511 4534 581 4585; x_wconf 87' lang='grc'>80</span> 
     </span>
    </p>
   </div>
   <div class='ocr_carea' id='block_1_10' title="bbox 643 1827 3042 2072">
    <p class='ocr_par' dir='ltr' id='par_1_10' title="bbox 643 1827 3042 2072">
     <span class='ocr_line' id='line_1_21' title="bbox 643 1827 3031 1900; baseline 0.001 -20"><span class='ocrx_word' id='word_1_75' title='bbox 643 1827 770 1880; x_wconf 89' lang='lat' dir='ltr'>min.</span> <span class='ocrx_word' id='word_1_76' title='bbox 812 1830 926 1894; x_wconf 89' lang='lat'>11‚1</span> <span class='ocrx_word' id='word_1_77' title='bbox 967 1827 1210 1894; x_wconf 86' lang='lat' dir='ltr'>pulchris</span> <span class='ocrx_word' id='word_1_78' title='bbox 1249 1835 1392 1882; x_wconf 84' lang='lat' dir='ltr'>stare</span> <span class='ocrx_word' id='word_1_79' title='bbox 1431 1829 1523 1881; x_wconf 90' lang='lat' dir='ltr'>diu</span> <span class='ocrx_word' id='word_1_80' title='bbox 1557 1830 1851 1883; x_wconf 88' lang='lat' dir='ltr'>Parcarum</span> <span class='ocrx_word' id='word_1_81' title='bbox 1885 1831 2003 1898; x_wconf 90' lang='lat' dir='ltr'>lege</span> <span class='ocrx_word' id='word_1_82' title='bbox 2037 1839 2293 1900; x_wconf 79' lang='lat' dir='ltr'>negatur3</span> <span class='ocrx_word' id='word_1_83' title='bbox 2327 1848 2522 1900; x_wconf 89' lang='lat' dir='ltr'>magna</span> <span class='ocrx_word' id='word_1_84' title='bbox 2580 1839 2801 1898; x_wconf 88' lang='lat' dir='ltr'>repente</span> <span class='ocrx_word' id='word_1_85' title='bbox 2839 1837 3031 1897; x_wconf 87' lang='lat' dir='ltr'>ruunt,</span> 
     </span>
     <span class='ocr_line' id='line_1_22' title="bbox 648 1916 3042 1988; baseline -0 -16"><span class='ocrx_word' id='word_1_86' title='bbox 648 1933 854 1972; x_wconf 91' lang='lat' dir='ltr'>summa</span> <span class='ocrx_word' id='word_1_87' title='bbox 890 1916 1088 1970; x_wconf 89' lang='lat' dir='ltr'>cadunt</span> <span class='ocrx_word' id='word_1_88' title='bbox 1125 1917 1304 1970; x_wconf 91' lang='lat' dir='ltr'>subito</span> <span class='ocrx_word' id='word_1_89' title='bbox 1338 1918 1396 1970; x_wconf 91' lang='lat' dir='ltr'>in</span> <span class='ocrx_word' id='word_1_90' title='bbox 1433 1917 1611 1972; x_wconf 87' lang='lat' dir='ltr'>Rufin.</span> <span class='ocrx_word' id='word_1_91' title='bbox 1650 1920 1677 1972; x_wconf 99' lang='grc' dir='ltr'>Ι</span> <span class='ocrx_word' id='word_1_92' title='bbox 1714 1923 1782 1972; x_wconf 89' lang='grc'><strong>23</strong></span> <span class='ocrx_word' id='word_1_93' title='bbox 1830 1920 2096 1973; x_wconf 91' lang='lat' dir='ltr'>tolluntur</span> <span class='ocrx_word' id='word_1_94' title='bbox 2141 1921 2198 1972; x_wconf 91' lang='lat' dir='ltr'>in</span> <span class='ocrx_word' id='word_1_95' title='bbox 2250 1921 2434 1988; x_wconf 90' lang='lat' dir='ltr'>altum,</span> <span class='ocrx_word' id='word_1_96' title='bbox 2490 1927 2550 1973; x_wconf 85' lang='lat' dir='ltr'>ut</span> <span class='ocrx_word' id='word_1_97' title='bbox 2603 1920 2763 1986; x_wconf 86' lang='lat' dir='ltr'>lapsu</span> <span class='ocrx_word' id='word_1_98' title='bbox 2798 1919 3042 1986; x_wconf 74' lang='lat' dir='ltr'>graviore¹</span> 
     </span>
     <span class='ocr_line' id='line_1_23' title="bbox 644 2003 1491 2072; baseline -0.002 -12"><span class='ocrx_word' id='word_1_99' title='bbox 644 2013 805 2060; x_wconf 82' lang='lat' dir='ltr'>ruant</span> <span class='ocrx_word' id='word_1_100' title='bbox 838 2005 986 2060; x_wconf 89' lang='lat' dir='ltr'>Flor.</span> <span class='ocrx_word' id='word_1_101' title='bbox 1029 2006 1087 2059; x_wconf 96' lang='lat' dir='ltr'>II</span> <span class='ocrx_word' id='word_1_102' title='bbox 1133 2009 1243 2072; x_wconf 86' lang='lat'>13‚1</span> <span class='ocrx_word' id='word_1_103' title='bbox 1487 2003 1491 2008; x_wconf 56' lang='lat'><strong>⁴</strong></span> 
     </span>
    </p>
   </div>
   <div class='ocr_carea' id='block_1_11' title="bbox 647 2112 3042 2536">
    <p class='ocr_par' dir='ltr' id='par_1_11' title="bbox 647 2112 3042 2536">
     <span class='ocr_line' id='line_1_24' title="bbox 647 2112 3042 2181; baseline -0.001 -14"><span class='ocrx_word' id='word_1_104' title='bbox 647 2114 778 2167; x_wconf 88' lang='lat' dir='ltr'>Petr</span> <span class='ocrx_word' id='word_1_105' title='bbox 818 2113 1008 2174; x_wconf 83' lang='lat'>120‚84</span> <span class='ocrx_word' id='word_1_106' title='bbox 1053 2112 1171 2179; x_wconf 90' lang='lat' dir='ltr'>ipse</span> <span class='ocrx_word' id='word_1_107' title='bbox 1221 2129 1347 2167; x_wconf 89' lang='lat' dir='ltr'>suas</span> <span class='ocrx_word' id='word_1_108' title='bbox 1400 2114 1540 2167; x_wconf 87' lang='lat' dir='ltr'>vires</span> <span class='ocrx_word' id='word_1_109' title='bbox 1587 2114 1702 2168; x_wconf 91' lang='lat' dir='ltr'>odit</span> <span class='ocrx_word' id='word_1_110' title='bbox 1739 2115 1984 2168; x_wconf 88' lang='lat' dir='ltr'>Romana</span> <span class='ocrx_word' id='word_1_111' title='bbox 2034 2115 2283 2168; x_wconf 87' lang='lat' dir='ltr'>iuventus</span> <span class='ocrx_word' id='word_1_112' title='bbox 2339 2121 2392 2167; x_wconf 93' lang='lat' dir='ltr'>et</span> <span class='ocrx_word' id='word_1_113' title='bbox 2449 2130 2583 2181; x_wconf 88' lang='lat' dir='ltr'>quas</span> <span class='ocrx_word' id='word_1_114' title='bbox 2639 2112 2838 2166; x_wconf 84' lang='lat' dir='ltr'>struxit</span> <span class='ocrx_word' id='word_1_115' title='bbox 2892 2127 3042 2178; x_wconf 84' lang='lat' dir='ltr'>opes,</span> 
     </span>
     <span class='ocr_line' id='line_1_25' title="bbox 647 2199 3035 2272; baseline -0.001 -18"><span class='ocrx_word' id='word_1_116' title='bbox 647 2202 786 2254; x_wconf 90' lang='lat' dir='ltr'>male</span> <span class='ocrx_word' id='word_1_117' title='bbox 814 2201 1048 2272; x_wconf 86' lang='lat' dir='ltr'>sustinet</span> <span class='ocrx_word' id='word_1_118' title='bbox 1073 2201 1228 2270; x_wconf 89' lang='lat' dir='ltr'>(Hor.</span> <span class='ocrx_word' id='word_1_119' title='bbox 1267 2202 1420 2269; x_wconf 92' lang='lat' dir='ltr'>epod.</span> <span class='ocrx_word' id='word_1_120' title='bbox 1449 2203 1552 2255; x_wconf 93' lang='lat' dir='ltr'>XV</span> <span class='ocrx_word' id='word_1_121' title='bbox 1577 2205 1635 2256; x_wconf 94' lang='grc' dir='ltr'>Ι2</span> <span class='ocrx_word' id='word_1_122' title='bbox 1665 2204 1784 2256; x_wconf 88' lang='lat' dir='ltr'>Liv.</span> <span class='ocrx_word' id='word_1_123' title='bbox 1816 2203 1833 2253; x_wconf 85' lang='grc' dir='ltr'>Ι</span> <span class='ocrx_word' id='word_1_124' title='bbox 1870 2219 1951 2270; x_wconf 90' lang='lat' dir='ltr'>pr.</span> <span class='ocrx_word' id='word_1_125' title='bbox 1989 2206 2025 2255; x_wconf 99' lang='lat'>4</span> <span class='ocrx_word' id='word_1_126' title='bbox 2059 2204 2139 2256; x_wconf 97' lang='lat' dir='ltr'>VI</span> <span class='ocrx_word' id='word_1_127' title='bbox 2179 2205 2322 2271; x_wconf 85' lang='grc'>19,6)</span> <span class='ocrx_word' id='word_1_128' title='bbox 2360 2203 2511 2256; x_wconf 76' lang='lat' dir='ltr'>Pers,</span> <span class='ocrx_word' id='word_1_129' title='bbox 2550 2203 2611 2253; x_wconf 87' lang='grc' dir='ltr'>ΙΙΙ</span> <span class='ocrx_word' id='word_1_130' title='bbox 2652 2204 2719 2255; x_wconf 86' lang='grc'>58</span> <span class='ocrx_word' id='word_1_131' title='bbox 2760 2201 2896 2254; x_wconf 76' lang='lat' dir='ltr'>Stat.</span> <span class='ocrx_word' id='word_1_132' title='bbox 2934 2199 3035 2252; x_wconf 91' lang='lat' dir='ltr'>Th.</span> 
     </span>
     <span class='ocr_line' id='line_1_26' title="bbox 647 2288 3039 2359; baseline 0 -17"><span class='ocrx_word' id='word_1_133' title='bbox 647 2290 781 2342; x_wconf 86' lang='lat' dir='ltr'><strong>VIII</strong></span> <span class='ocrx_word' id='word_1_134' title='bbox 859 2291 921 2342; x_wconf 85' lang='lat'>31</span> <span class='ocrx_word' id='word_1_135' title='bbox 989 2288 1112 2357; x_wconf 89' lang='lat' dir='ltr'>(Sil.</span> <span class='ocrx_word' id='word_1_136' title='bbox 1195 2290 1352 2343; x_wconf 87' lang='lat' dir='ltr'>XVII</span> <span class='ocrx_word' id='word_1_137' title='bbox 1441 2291 1567 2359; x_wconf 88' lang='grc'>607)</span> <span class='ocrx_word' id='word_1_138' title='bbox 1627 2292 1941 2346; x_wconf 87' lang='lat' dir='ltr'>Maximian.</span> <span class='ocrx_word' id='word_1_139' title='bbox 2018 2292 2044 2344; x_wconf 97' lang='grc' dir='ltr'>Ι</span> <span class='ocrx_word' id='word_1_140' title='bbox 2118 2293 2217 2344; x_wconf 90' lang='lat'>173</span> <span class='ocrx_word' id='word_1_141' title='bbox 2272 2306 2511 2358; x_wconf 81' lang='lat' dir='ltr'>conpage</span> <span class='ocrx_word' id='word_1_142' title='bbox 2583 2290 2761 2344; x_wconf 89' lang='lat' dir='ltr'>soluta</span> <span class='ocrx_word' id='word_1_143' title='bbox 2852 2288 3039 2342; x_wconf 87' lang='lat' dir='ltr'>Claud.</span> 
     </span>
     <span class='ocr_line' id='line_1_27' title="bbox 647 2377 3013 2446; baseline -0 -16"><span class='ocrx_word' id='word_1_144' title='bbox 647 2384 783 2444; x_wconf 86' lang='lat' dir='ltr'>rapt.</span> <span class='ocrx_word' id='word_1_145' title='bbox 821 2377 975 2431; x_wconf 90' lang='lat' dir='ltr'>Pros.</span> <span class='ocrx_word' id='word_1_146' title='bbox 1015 2378 1041 2430; x_wconf 96' lang='lat' dir='ltr'>I</span> <span class='ocrx_word' id='word_1_147' title='bbox 1083 2381 1182 2431; x_wconf 82' lang='lat'>115</span> <span class='ocrx_word' id='word_1_148' title='bbox 1221 2395 1459 2446; x_wconf 88' lang='lat' dir='ltr'>conpage</span> <span class='ocrx_word' id='word_1_149' title='bbox 1498 2380 1677 2432; x_wconf 89' lang='lat' dir='ltr'>soluta</span> <span class='ocrx_word' id='word_1_150' title='bbox 1711 2380 1923 2433; x_wconf 87' lang='lat' dir='ltr'>lucidus</span> <span class='ocrx_word' id='word_1_151' title='bbox 1974 2380 2225 2440; x_wconf 84' lang='lat' dir='ltr'>umbroso</span> <span class='ocrx_word' id='word_1_152' title='bbox 2260 2379 2574 2440; x_wconf 83' lang='lat' dir='ltr'>miscebitur</span> <span class='ocrx_word' id='word_1_153' title='bbox 2635 2379 2753 2431; x_wconf 81' lang='lat' dir='ltr'>axis</span> <span class='ocrx_word' id='word_1_154' title='bbox 2798 2379 3013 2445; x_wconf 82' lang='lat' dir='ltr'>Averno</span> 
     </span>
     <span class='ocr_line' id='line_1_28' title="bbox 648 2465 3039 2536; baseline 0 -18"><span class='ocrx_word' id='word_1_155' title='bbox 648 2465 914 2532; x_wconf 82' lang='lat' dir='ltr'>(Hilarius</span> <span class='ocrx_word' id='word_1_156' title='bbox 943 2481 1021 2518; x_wconf 89' lang='lat' dir='ltr'>ev.</span> <span class='ocrx_word' id='word_1_157' title='bbox 1056 2468 1176 2531; x_wconf 89' lang='grc'>106)</span> <span class='ocrx_word' id='word_1_158' title='bbox 1205 2465 1423 2534; x_wconf 86' lang='lat' dir='ltr'>Coripp.</span> <span class='ocrx_word' id='word_1_159' title='bbox 1454 2467 1578 2535; x_wconf 84' lang='lat' dir='ltr'>Joh.</span> <span class='ocrx_word' id='word_1_160' title='bbox 1606 2469 1656 2520; x_wconf 93' lang='lat' dir='ltr'><strong>V</strong></span> <span class='ocrx_word' id='word_1_161' title='bbox 1692 2472 1759 2522; x_wconf 85' lang='lat'>48</span> <span class='ocrx_word' id='word_1_162' title='bbox 1798 2469 1945 2522; x_wconf 87' lang='lat' dir='ltr'>orbis</span> <span class='ocrx_word' id='word_1_163' title='bbox 1974 2509 1985 2522; x_wconf 93' lang='lat'>.</span> <span class='ocrx_word' id='word_1_164' title='bbox 2018 2509 2030 2522; x_wconf 97' lang='lat'>.</span> <span class='ocrx_word' id='word_1_165' title='bbox 2061 2483 2298 2535; x_wconf 85' lang='lat' dir='ltr'>conpage</span> <span class='ocrx_word' id='word_1_166' title='bbox 2336 2468 2545 2522; x_wconf 89' lang='lat' dir='ltr'>solutus</span> <span class='ocrx_word' id='word_1_167' title='bbox 2583 2467 2809 2536; x_wconf 90' lang='lat' dir='ltr'>(Minuc.</span> <span class='ocrx_word' id='word_1_168' title='bbox 2848 2466 2930 2518; x_wconf 93' lang='lat' dir='ltr'>XI</span> <span class='ocrx_word' id='word_1_169' title='bbox 2971 2469 3039 2535; x_wconf 93' lang='lat'>1).</span> 
     </span>
    </p>
   </div>
   <div class='ocr_carea' id='block_1_12' title="bbox 647 2571 3047 3263">
    <p class='ocr_par' dir='ltr' id='par_1_12' title="bbox 647 2571 3047 3263">
     <span class='ocr_line' id='line_1_29' title="bbox 649 2571 3041 2640; baseline -0 -15"><span class='ocrx_word' id='word_1_170' title='bbox 649 2588 765 2640; x_wconf 86' lang='lat' dir='ltr'>sqq.</span> <span class='ocrx_word' id='word_1_171' title='bbox 819 2571 940 2625; x_wconf 88' lang='lat' dir='ltr'>Sen.</span> <span class='ocrx_word' id='word_1_172' title='bbox 985 2572 1050 2625; x_wconf 91' lang='lat' dir='ltr'>de</span> <span class='ocrx_word' id='word_1_173' title='bbox 1085 2573 1205 2626; x_wconf 89' lang='lat' dir='ltr'>ben.</span> <span class='ocrx_word' id='word_1_174' title='bbox 1245 2574 1314 2625; x_wconf 90' lang='lat' dir='ltr'>Vl</span> <span class='ocrx_word' id='word_1_175' title='bbox 1353 2577 1421 2626; x_wconf 92' lang='grc'>22</span> <span class='ocrx_word' id='word_1_176' title='bbox 1478 2575 1657 2627; x_wconf 91' lang='lat' dir='ltr'>omnia</span> <span class='ocrx_word' id='word_1_177' title='bbox 1708 2575 1816 2630; x_wconf 85' lang='lat' dir='ltr'>ista</span> <span class='ocrx_word' id='word_1_178' title='bbox 1870 2574 2177 2640; x_wconf 86' lang='lat' dir='ltr'>ingentibus</span> <span class='ocrx_word' id='word_1_179' title='bbox 2230 2573 2531 2627; x_wconf 86' lang='lat' dir='ltr'>intervallis</span> <span class='ocrx_word' id='word_1_180' title='bbox 2594 2573 2813 2627; x_wconf 91' lang='lat' dir='ltr'>diducta</span> <span class='ocrx_word' id='word_1_181' title='bbox 2874 2579 2928 2625; x_wconf 90' lang='lat' dir='ltr'>et</span> <span class='ocrx_word' id='word_1_182' title='bbox 2984 2573 3041 2624; x_wconf 89' lang='lat' dir='ltr'>in</span> 
     </span>
     <span class='ocr_line' id='line_1_30' title="bbox 649 2660 3047 2731; baseline 0 -18"><span class='ocrx_word' id='word_1_183' title='bbox 649 2660 948 2714; x_wconf 86' lang='lat' dir='ltr'>custodiam</span> <span class='ocrx_word' id='word_1_184' title='bbox 983 2663 1222 2716; x_wconf 86' lang='lat' dir='ltr'>universi</span> <span class='ocrx_word' id='word_1_185' title='bbox 1249 2661 1516 2729; x_wconf 90' lang='lat' dir='ltr'>disposita</span> <span class='ocrx_word' id='word_1_186' title='bbox 1544 2663 1805 2716; x_wconf 90' lang='lat' dir='ltr'>stationes</span> <span class='ocrx_word' id='word_1_187' title='bbox 1836 2678 1963 2716; x_wconf 87' lang='lat' dir='ltr'>suas</span> <span class='ocrx_word' id='word_1_188' title='bbox 1991 2662 2271 2731; x_wconf 77' lang='lat' dir='ltr'>deserant3</span> <span class='ocrx_word' id='word_1_189' title='bbox 2314 2662 2495 2716; x_wconf 85' lang='lat' dir='ltr'>subita</span> <span class='ocrx_word' id='word_1_190' title='bbox 2518 2662 2831 2716; x_wconf 89' lang='lat' dir='ltr'>confusione</span> <span class='ocrx_word' id='word_1_191' title='bbox 2867 2677 3047 2714; x_wconf 89' lang='lat' dir='ltr'>rerum</span> 
     </span>
     <span class='ocr_line' id='line_1_31' title="bbox 649 2750 3047 2820; baseline 0 -17"><span class='ocrx_word' id='word_1_192' title='bbox 649 2750 828 2803; x_wconf 89' lang='lat' dir='ltr'>sidera</span> <span class='ocrx_word' id='word_1_193' title='bbox 850 2751 1118 2804; x_wconf 85' lang='lat' dir='ltr'>sideribus</span> <span class='ocrx_word' id='word_1_194' title='bbox 1145 2752 1423 2805; x_wconf 83' lang='lat' dir='ltr'>incurrant</span> <span class='ocrx_word' id='word_1_195' title='bbox 1451 2759 1506 2805; x_wconf 90' lang='lat' dir='ltr'>et</span> <span class='ocrx_word' id='word_1_196' title='bbox 1530 2758 1691 2820; x_wconf 88' lang='lat' dir='ltr'>rupta</span> <span class='ocrx_word' id='word_1_197' title='bbox 1715 2769 1893 2806; x_wconf 89' lang='lat' dir='ltr'>rerum</span> <span class='ocrx_word' id='word_1_198' title='bbox 1931 2752 2217 2805; x_wconf 90' lang='lat' dir='ltr'>concordia</span> <span class='ocrx_word' id='word_1_199' title='bbox 2251 2753 2309 2806; x_wconf 88' lang='lat' dir='ltr'>in</span> <span class='ocrx_word' id='word_1_200' title='bbox 2334 2753 2544 2806; x_wconf 91' lang='lat' dir='ltr'>ruinam</span> <span class='ocrx_word' id='word_1_201' title='bbox 2582 2752 2763 2805; x_wconf 89' lang='lat' dir='ltr'>divina</span> <span class='ocrx_word' id='word_1_202' title='bbox 2793 2752 3047 2805; x_wconf 86' lang='lat' dir='ltr'>labantur</span> 
     </span>
     <span class='ocr_line' id='line_1_32' title="bbox 648 2838 3045 2909; baseline 0.001 -18"><span class='ocrx_word' id='word_1_203' title='bbox 648 2854 758 2905; x_wconf 88' lang='lat' dir='ltr'>eqs.</span> <span class='ocrx_word' id='word_1_204' title='bbox 790 2838 914 2891; x_wconf 89' lang='lat' dir='ltr'>dial.</span> <span class='ocrx_word' id='word_1_205' title='bbox 953 2840 1022 2892; x_wconf 89' lang='lat' dir='ltr'>Vl</span> <span class='ocrx_word' id='word_1_206' title='bbox 1051 2843 1175 2907; x_wconf 88' lang='grc'><strong>26,6</strong></span> <span class='ocrx_word' id='word_1_207' title='bbox 1211 2857 1331 2893; x_wconf 89' lang='lat' dir='ltr'>cnm</span> <span class='ocrx_word' id='word_1_208' title='bbox 1359 2847 1572 2907; x_wconf 89' lang='lat' dir='ltr'>tempus</span> <span class='ocrx_word' id='word_1_209' title='bbox 1592 2841 1886 2909; x_wconf 84' lang='lat' dir='ltr'>advenerit,</span> <span class='ocrx_word' id='word_1_210' title='bbox 1916 2858 2021 2909; x_wconf 90' lang='lat' dir='ltr'>quo</span> <span class='ocrx_word' id='word_1_211' title='bbox 2042 2858 2100 2895; x_wconf 91' lang='lat' dir='ltr'>se</span> <span class='ocrx_word' id='word_1_212' title='bbox 2118 2841 2351 2894; x_wconf 90' lang='lat' dir='ltr'>mundus</span> <span class='ocrx_word' id='word_1_213' title='bbox 2376 2847 2729 2895; x_wconf 87' lang='lat' dir='ltr'>renovaturus</span> <span class='ocrx_word' id='word_1_214' title='bbox 2750 2841 3045 2908; x_wconf 84' lang='lat' dir='ltr'>extinguat,</span> 
     </span>
     <span class='ocr_line' id='line_1_33' title="bbox 647 2926 3038 2995; baseline 0.001 -16"><span class='ocrx_word' id='word_1_215' title='bbox 647 2926 850 2979; x_wconf 87' lang='lat' dir='ltr'>viribus</span> <span class='ocrx_word' id='word_1_216' title='bbox 887 2928 995 2981; x_wconf 85' lang='lat' dir='ltr'>ista</span> <span class='ocrx_word' id='word_1_217' title='bbox 1031 2943 1090 2981; x_wconf 84' lang='lat' dir='ltr'>se</span> <span class='ocrx_word' id='word_1_218' title='bbox 1127 2928 1240 2981; x_wconf 89' lang='lat' dir='ltr'>suis</span> <span class='ocrx_word' id='word_1_219' title='bbox 1279 2929 1504 2981; x_wconf 90' lang='lat' dir='ltr'>caedent</span> <span class='ocrx_word' id='word_1_220' title='bbox 1541 2936 1594 2983; x_wconf 91' lang='lat' dir='ltr'>et</span> <span class='ocrx_word' id='word_1_221' title='bbox 1639 2929 1818 2983; x_wconf 89' lang='lat' dir='ltr'>sidera</span> <span class='ocrx_word' id='word_1_222' title='bbox 1866 2930 2133 2984; x_wconf 86' lang='lat' dir='ltr'>sideribus</span> <span class='ocrx_word' id='word_1_223' title='bbox 2175 2931 2451 2983; x_wconf 89' lang='lat' dir='ltr'>incurrent</span> <span class='ocrx_word' id='word_1_224' title='bbox 2488 2936 2543 2983; x_wconf 91' lang='lat' dir='ltr'>et</span> <span class='ocrx_word' id='word_1_225' title='bbox 2587 2929 2731 2982; x_wconf 86' lang='lat' dir='ltr'>omni</span> <span class='ocrx_word' id='word_1_226' title='bbox 2774 2927 3038 2995; x_wconf 87' lang='lat' dir='ltr'>flagrante</span> 
     </span>
     <span class='ocr_line' id='line_1_34' title="bbox 649 3015 3043 3085; baseline 0.001 -18"><span class='ocrx_word' id='word_1_227' title='bbox 649 3015 874 3068; x_wconf 87' lang='lat' dir='ltr'>materia</span> <span class='ocrx_word' id='word_1_228' title='bbox 919 3032 1026 3068; x_wconf 93' lang='lat' dir='ltr'>uno</span> <span class='ocrx_word' id='word_1_229' title='bbox 1083 3016 1211 3083; x_wconf 88' lang='lat' dir='ltr'>igni,</span> <span class='ocrx_word' id='word_1_230' title='bbox 1251 3017 1508 3084; x_wconf 87' lang='lat' dir='ltr'>quicquid</span> <span class='ocrx_word' id='word_1_231' title='bbox 1564 3034 1707 3071; x_wconf 90' lang='lat' dir='ltr'>nunc</span> <span class='ocrx_word' id='word_1_232' title='bbox 1766 3035 1833 3071; x_wconf 81' lang='lat' dir='ltr'>ex</span> <span class='ocrx_word' id='word_1_233' title='bbox 1895 3018 2159 3085; x_wconf 88' lang='lat' dir='ltr'>disposito</span> <span class='ocrx_word' id='word_1_234' title='bbox 2213 3018 2373 3085; x_wconf 90' lang='lat' dir='ltr'>lucet,</span> <span class='ocrx_word' id='word_1_235' title='bbox 2428 3018 2639 3071; x_wconf 89' lang='lat' dir='ltr'>ardebit</span> <span class='ocrx_word' id='word_1_236' title='bbox 2674 3017 2745 3069; x_wconf 91' lang='lat' dir='ltr'>Xl</span> <span class='ocrx_word' id='word_1_237' title='bbox 2805 3017 2883 3083; x_wconf 81' lang='lat'>1,2</span> <span class='ocrx_word' id='word_1_238' title='bbox 2936 3016 3043 3069; x_wconf 91' lang='lat' dir='ltr'>hoc</span> 
     </span>
     <span class='ocr_line' id='line_1_35' title="bbox 648 3102 3045 3178; baseline 0.001 -24"><span class='ocrx_word' id='word_1_239' title='bbox 648 3102 956 3155; x_wconf 87' lang='lat' dir='ltr'>universum</span> <span class='ocrx_word' id='word_1_240' title='bbox 994 3102 1110 3178; x_wconf 87' lang='lat' dir='ltr'>dies</span> <span class='ocrx_word' id='word_1_241' title='bbox 1156 3104 1354 3171; x_wconf 89' lang='lat' dir='ltr'>aliquis</span> <span class='ocrx_word' id='word_1_242' title='bbox 1391 3105 1682 3173; x_wconf 87' lang='lat' dir='ltr'>dissipabit</span> <span class='ocrx_word' id='word_1_243' title='bbox 1735 3114 1790 3159; x_wconf 90' lang='lat' dir='ltr'>et</span> <span class='ocrx_word' id='word_1_244' title='bbox 1845 3107 1904 3159; x_wconf 91' lang='lat' dir='ltr'>in</span> <span class='ocrx_word' id='word_1_245' title='bbox 1966 3106 2333 3160; x_wconf 84' lang='lat' dir='ltr'>confusionem</span> <span class='ocrx_word' id='word_1_246' title='bbox 2393 3112 2628 3159; x_wconf 88' lang='lat' dir='ltr'>veterem</span> <span class='ocrx_word' id='word_1_247' title='bbox 2686 3104 3045 3171; x_wconf 84' lang='lat' dir='ltr'>tenebrasque</span> 
     </span>
     <span class='ocr_line' id='line_1_36' title="bbox 650 3190 3037 3263; baseline 0 -20"><span class='ocrx_word' id='word_1_248' title='bbox 650 3190 920 3259; x_wconf 85' lang='lat' dir='ltr'>demerget</span> <span class='ocrx_word' id='word_1_249' title='bbox 938 3199 1046 3243; x_wconf 88' lang='lat' dir='ltr'>nat.</span> <span class='ocrx_word' id='word_1_250' title='bbox 1069 3208 1122 3258; x_wconf 88' lang='lat' dir='ltr'>q.</span> <span class='ocrx_word' id='word_1_251' title='bbox 1142 3192 1206 3242; x_wconf 88' lang='grc' dir='ltr'>ΙΙΙ</span> <span class='ocrx_word' id='word_1_252' title='bbox 1227 3195 1294 3245; x_wconf 91' lang='grc'><strong>28</strong></span> <span class='ocrx_word' id='word_1_253' title='bbox 1311 3212 1324 3259; x_wconf 82' lang='lat'><em>3</em></span> <span class='ocrx_word' id='word_1_254' title='bbox 1342 3195 1411 3247; x_wconf 82' lang='lat'>29</span> <span class='ocrx_word' id='word_1_255' title='bbox 1434 3194 1570 3263; x_wconf 83' lang='lat' dir='ltr'>Thy.</span> <span class='ocrx_word' id='word_1_256' title='bbox 1591 3195 1689 3247; x_wconf 84' lang='grc'>831.</span> <span class='ocrx_word' id='word_1_257' title='bbox 1723 3194 1853 3248; x_wconf 89' lang='lat' dir='ltr'>deos</span> <span class='ocrx_word' id='word_1_258' title='bbox 1872 3196 2225 3262; x_wconf 87' lang='lat' dir='ltr'>hominesque</span> <span class='ocrx_word' id='word_1_259' title='bbox 2248 3200 2461 3261; x_wconf 90' lang='lat' dir='ltr'>premat</span> <span class='ocrx_word' id='word_1_260' title='bbox 2479 3192 2717 3247; x_wconf 89' lang='lat' dir='ltr'>deforme</span> <span class='ocrx_word' id='word_1_261' title='bbox 2742 3193 2906 3245; x_wconf 88' lang='lat' dir='ltr'>chaos</span> <span class='ocrx_word' id='word_1_262' title='bbox 2927 3208 3037 3260; x_wconf 88' lang='lat' dir='ltr'>eqs.</span> 
     </span>
    </p>
   </div>
   <div class='ocr_carea' id='block_1_13' title="bbox 650 3295 3043 3367">
    <p class='ocr_par' dir='ltr' id='par_1_13' title="bbox 650 3295 3043 3367">
     <span class='ocr_line' id='line_1_37' title="bbox 650 3295 3043 3367; baseline -0 -17"><span class='ocrx_word' id='word_1_263' title='bbox 650 3296 770 3350; x_wconf 86' lang='lat' dir='ltr'>Tib.</span> <span class='ocrx_word' id='word_1_264' title='bbox 810 3297 837 3349; x_wconf 96' lang='lat' dir='ltr'>I</span> <span class='ocrx_word' id='word_1_265' title='bbox 866 3299 983 3363; x_wconf 82' lang='lat'>1,59</span> <span class='ocrx_word' id='word_1_266' title='bbox 1025 3313 1278 3364; x_wconf 86' lang='lat' dir='ltr'>suprema</span> <span class='ocrx_word' id='word_1_267' title='bbox 1313 3298 1444 3350; x_wconf 87' lang='lat' dir='ltr'>mihi</span> <span class='ocrx_word' id='word_1_268' title='bbox 1482 3314 1601 3351; x_wconf 92' lang='lat' dir='ltr'>cum</span> <span class='ocrx_word' id='word_1_269' title='bbox 1638 3300 1847 3352; x_wconf 88' lang='lat' dir='ltr'>venerit</span> <span class='ocrx_word' id='word_1_270' title='bbox 1880 3300 2015 3353; x_wconf 90' lang='lat' dir='ltr'>hora</span> <span class='ocrx_word' id='word_1_271' title='bbox 2051 3301 2211 3367; x_wconf 89' lang='lat' dir='ltr'>Verg.</span> <span class='ocrx_word' id='word_1_272' title='bbox 2250 3316 2296 3367; x_wconf 89' lang='lat' dir='ltr'>g.</span> <span class='ocrx_word' id='word_1_273' title='bbox 2337 3300 2399 3350; x_wconf 83' lang='grc' dir='ltr'>ΙΙΙ</span> <span class='ocrx_word' id='word_1_274' title='bbox 2440 3301 2541 3352; x_wconf 78' lang='grc'><strong>327</strong></span> <span class='ocrx_word' id='word_1_275' title='bbox 2596 3298 2872 3364; x_wconf 88' lang='lat' dir='ltr'>collegerit</span> <span class='ocrx_word' id='word_1_276' title='bbox 2907 3295 3043 3350; x_wconf 91' lang='lat' dir='ltr'>hora</span> 
     </span>
    </p>
   </div>
   <div class='ocr_carea' id='block_1_14' title="bbox 649 3402 3048 3560">
    <p class='ocr_par' dir='ltr' id='par_1_14' title="bbox 649 3402 3048 3560">
     <span class='ocr_line' id='line_1_38' title="bbox 653 3402 3038 3472; baseline -0 -16"><span class='ocrx_word' id='word_1_277' title='bbox 653 3402 749 3456; x_wconf 87' lang='lat' dir='ltr'>Ov.</span> <span class='ocrx_word' id='word_1_278' title='bbox 786 3420 854 3457; x_wconf 92' lang='lat' dir='ltr'>m.</span> <span class='ocrx_word' id='word_1_279' title='bbox 895 3405 933 3454; x_wconf 91' lang='lat' dir='ltr'>ll</span> <span class='ocrx_word' id='word_1_280' title='bbox 973 3405 1077 3456; x_wconf 82' lang='lat'>299</span> <span class='ocrx_word' id='word_1_281' title='bbox 1113 3404 1170 3455; x_wconf 93' lang='lat' dir='ltr'>in</span> <span class='ocrx_word' id='word_1_282' title='bbox 1207 3404 1371 3456; x_wconf 88' lang='lat' dir='ltr'>chaos</span> <span class='ocrx_word' id='word_1_283' title='bbox 1422 3405 1704 3470; x_wconf 90' lang='lat' dir='ltr'>antiquum</span> <span class='ocrx_word' id='word_1_284' title='bbox 1740 3404 2115 3458; x_wconf 86' lang='lat' dir='ltr'>confundimur</span> <span class='ocrx_word' id='word_1_285' title='bbox 2154 3405 2339 3460; x_wconf 77' lang='lat' dir='ltr'>octav,</span> <span class='ocrx_word' id='word_1_286' title='bbox 2397 3408 2493 3459; x_wconf 86' lang='lat'>391</span> <span class='ocrx_word' id='word_1_287' title='bbox 2556 3405 2647 3472; x_wconf 92' lang='lat' dir='ltr'>qui</span> <span class='ocrx_word' id='word_1_288' title='bbox 2702 3404 2749 3457; x_wconf 87' lang='lat' dir='ltr'>si</span> <span class='ocrx_word' id='word_1_289' title='bbox 2805 3403 3038 3457; x_wconf 86' lang='lat' dir='ltr'>senescit</span> 
     </span>
     <span class='ocr_line' id='line_1_39' title="bbox 649 3491 3048 3560; baseline 0 -15"><span class='ocrx_word' id='word_1_290' title='bbox 649 3498 832 3545; x_wconf 90' lang='lat' dir='ltr'>tantus</span> <span class='ocrx_word' id='word_1_291' title='bbox 868 3493 924 3545; x_wconf 91' lang='lat' dir='ltr'>in</span> <span class='ocrx_word' id='word_1_292' title='bbox 962 3502 1178 3546; x_wconf 85' lang='lat' dir='ltr'>caecum</span> <span class='ocrx_word' id='word_1_293' title='bbox 1213 3493 1378 3546; x_wconf 91' lang='lat' dir='ltr'>chaos</span> <span class='ocrx_word' id='word_1_294' title='bbox 1416 3508 1640 3546; x_wconf 90' lang='lat' dir='ltr'>casurus</span> <span class='ocrx_word' id='word_1_295' title='bbox 1676 3494 1872 3545; x_wconf 91' lang='lat' dir='ltr'>iterum</span> <span class='ocrx_word' id='word_1_296' title='bbox 1928 3508 2039 3560; x_wconf 73' lang='lat' dir='ltr'>eqS.</span> <span class='ocrx_word' id='word_1_297' title='bbox 2111 3493 2231 3547; x_wconf 92' lang='lat' dir='ltr'>Val.</span> <span class='ocrx_word' id='word_1_298' title='bbox 2271 3494 2320 3545; x_wconf 93' lang='lat' dir='ltr'><strong>V</strong></span> <span class='ocrx_word' id='word_1_299' title='bbox 2356 3494 2423 3546; x_wconf 85' lang='lat'>95</span> <span class='ocrx_word' id='word_1_300' title='bbox 2452 3493 2621 3545; x_wconf 87' lang='lat' dir='ltr'>altum</span> <span class='ocrx_word' id='word_1_301' title='bbox 2657 3492 2855 3559; x_wconf 88' lang='lat' dir='ltr'>repetit</span> <span class='ocrx_word' id='word_1_302' title='bbox 2884 3491 3048 3545; x_wconf 87' lang='lat' dir='ltr'>chaos</span> 
     </span>
    </p>
   </div>
   <div class='ocr_carea' id='block_1_15' title="bbox 649 3579 3047 3738">
    <p class='ocr_par' dir='ltr' id='par_1_15' title="bbox 649 3579 3047 3738">
     <span class='ocr_line' id='line_1_40' title="bbox 649 3579 3047 3651; baseline -0 -19"><span class='ocrx_word' id='word_1_303' title='bbox 649 3581 841 3634; x_wconf 90' lang='lat' dir='ltr'>Alcim.</span> <span class='ocrx_word' id='word_1_304' title='bbox 858 3581 1002 3633; x_wconf 89' lang='lat' dir='ltr'>Avit.</span> <span class='ocrx_word' id='word_1_305' title='bbox 1025 3581 1095 3633; x_wconf 91' lang='lat' dir='ltr'>lV</span> <span class='ocrx_word' id='word_1_306' title='bbox 1124 3583 1224 3634; x_wconf 87' lang='grc'>160</span> <span class='ocrx_word' id='word_1_307' title='bbox 1251 3582 1401 3649; x_wconf 88' lang='grc'><strong>(554)</strong></span> <span class='ocrx_word' id='word_1_308' title='bbox 1431 3581 1500 3633; x_wconf 90' lang='lat' dir='ltr'>ad</span> <span class='ocrx_word' id='word_1_309' title='bbox 1523 3580 1686 3634; x_wconf 89' lang='lat' dir='ltr'>chaos</span> <span class='ocrx_word' id='word_1_310' title='bbox 1708 3581 1988 3647; x_wconf 89' lang='lat' dir='ltr'>antiquum</span> <span class='ocrx_word' id='word_1_311' title='bbox 2017 3582 2224 3648; x_wconf 87' lang='lat' dir='ltr'>species</span> <span class='ocrx_word' id='word_1_312' title='bbox 2243 3581 2514 3634; x_wconf 89' lang='lat' dir='ltr'>mundana</span> <span class='ocrx_word' id='word_1_313' title='bbox 2536 3586 2779 3633; x_wconf 89' lang='lat' dir='ltr'>recurrat</span> <span class='ocrx_word' id='word_1_314' title='bbox 2798 3579 3047 3651; x_wconf 22' lang='lat' dir='ltr'>-nVerg</span> 
     </span>
     <span class='ocr_line' id='line_1_41' title="bbox 650 3668 2773 3738; baseline -0 -17"><span class='ocrx_word' id='word_1_315' title='bbox 650 3670 716 3722; x_wconf 89' lang='lat' dir='ltr'>A.</span> <span class='ocrx_word' id='word_1_316' title='bbox 757 3671 818 3720; x_wconf 86' lang='grc' dir='ltr'>ΙΙΙ</span> <span class='ocrx_word' id='word_1_317' title='bbox 855 3672 960 3722; x_wconf 88' lang='grc'>436</span> <span class='ocrx_word' id='word_1_318' title='bbox 1000 3668 1126 3735; x_wconf 90' lang='lat' dir='ltr'>(Ov.</span> <span class='ocrx_word' id='word_1_319' title='bbox 1164 3685 1232 3722; x_wconf 92' lang='lat' dir='ltr'>m.</span> <span class='ocrx_word' id='word_1_320' title='bbox 1271 3668 1383 3721; x_wconf 89' lang='lat' dir='ltr'>Vlll</span> <span class='ocrx_word' id='word_1_321' title='bbox 1423 3670 1526 3721; x_wconf 83' lang='lat'>212</span> <span class='ocrx_word' id='word_1_322' title='bbox 1567 3668 1702 3721; x_wconf 88' lang='lat' dir='ltr'>Stat.</span> <span class='ocrx_word' id='word_1_323' title='bbox 1741 3668 1843 3721; x_wconf 92' lang='lat' dir='ltr'>Th.</span> <span class='ocrx_word' id='word_1_324' title='bbox 1884 3669 1977 3721; x_wconf 89' lang='lat' dir='ltr'>Xll</span> <span class='ocrx_word' id='word_1_325' title='bbox 2019 3669 2142 3738; x_wconf 88' lang='grc'>100)</span> <span class='ocrx_word' id='word_1_326' title='bbox 2179 3676 2430 3737; x_wconf 90' lang='lat' dir='ltr'>repetens</span> <span class='ocrx_word' id='word_1_327' title='bbox 2471 3670 2773 3735; x_wconf 87' lang='lat' dir='ltr'>iterumque</span> 
     </span>
    </p>
   </div>
   <div class='ocr_carea' id='block_1_16' title="bbox 647 3772 3123 4039">
    <p class='ocr_par' dir='ltr' id='par_1_16' title="bbox 647 3772 3123 4039">
     <span class='ocr_line' id='line_1_42' title="bbox 651 3772 3039 3842; baseline -0 -17"><span class='ocrx_word' id='word_1_328' title='bbox 651 3772 810 3840; x_wconf 88' lang='lat' dir='ltr'>Verg.</span> <span class='ocrx_word' id='word_1_329' title='bbox 853 3775 918 3827; x_wconf 88' lang='lat' dir='ltr'>A.</span> <span class='ocrx_word' id='word_1_330' title='bbox 958 3773 1029 3825; x_wconf 89' lang='lat' dir='ltr'>lV</span> <span class='ocrx_word' id='word_1_331' title='bbox 1067 3775 1171 3827; x_wconf 91' lang='grc'><strong>628</strong></span> <span class='ocrx_word' id='word_1_332' title='bbox 1200 3774 1372 3827; x_wconf 75' lang='lat' dir='ltr'>&#39;litora</span> <span class='ocrx_word' id='word_1_333' title='bbox 1409 3774 1662 3827; x_wconf 89' lang='lat' dir='ltr'>litoribus</span> <span class='ocrx_word' id='word_1_334' title='bbox 1700 3774 1971 3827; x_wconf 88' lang='lat' dir='ltr'>contraria</span> <span class='ocrx_word' id='word_1_335' title='bbox 2030 3806 2047 3811; x_wconf 94' lang='lat'>-</span> <span class='ocrx_word' id='word_1_336' title='bbox 2109 3776 2269 3842; x_wconf 89' lang='lat' dir='ltr'>Verg.</span> <span class='ocrx_word' id='word_1_337' title='bbox 2310 3777 2373 3827; x_wconf 88' lang='lat' dir='ltr'>A.</span> <span class='ocrx_word' id='word_1_338' title='bbox 2414 3775 2485 3827; x_wconf 90' lang='lat' dir='ltr'>lV</span> <span class='ocrx_word' id='word_1_339' title='bbox 2541 3777 2642 3827; x_wconf 83' lang='grc'><strong>352</strong></span> <span class='ocrx_word' id='word_1_340' title='bbox 2682 3780 2830 3827; x_wconf 89' lang='lat' dir='ltr'>astra</span> <span class='ocrx_word' id='word_1_341' title='bbox 2881 3773 3039 3840; x_wconf 87' lang='lat' dir='ltr'>ignea</span> 
     </span>
     <span class='ocr_line' id='line_1_43' title="bbox 647 3862 1430 3928; baseline -0.008 -14"><span class='ocrx_word' id='word_1_342' title='bbox 647 3867 873 3928; x_wconf 86' lang='lat' dir='ltr'>surgunt</span> <span class='ocrx_word' id='word_1_343' title='bbox 1428 3862 1430 3864; x_wconf 74' lang='grc'><strong><em>’</em></strong></span> 
     </span>
     <span class='ocr_line' id='line_1_44' title="bbox 649 3965 3123 4039; baseline -0 -19"><span class='ocrx_word' id='word_1_344' title='bbox 649 3983 728 4033; x_wconf 92' lang='lat' dir='ltr'>sq.</span> <span class='ocrx_word' id='word_1_345' title='bbox 763 3966 857 4019; x_wconf 89' lang='lat' dir='ltr'>Ov.</span> <span class='ocrx_word' id='word_1_346' title='bbox 887 3966 923 4019; x_wconf 90' lang='lat' dir='ltr'>f.</span> <span class='ocrx_word' id='word_1_347' title='bbox 955 3968 1004 4019; x_wconf 92' lang='lat' dir='ltr'><strong>V</strong></span> <span class='ocrx_word' id='word_1_348' title='bbox 1036 3970 1140 4019; x_wconf 88' lang='grc'><strong>244</strong></span> <span class='ocrx_word' id='word_1_349' title='bbox 1168 3973 1222 4020; x_wconf 88' lang='lat' dir='ltr'>et</span> <span class='ocrx_word' id='word_1_350' title='bbox 1248 3966 1387 4020; x_wconf 87' lang='lat' dir='ltr'>freta</span> <span class='ocrx_word' id='word_1_351' title='bbox 1416 4009 1427 4020; x_wconf 90' lang='lat'>.</span> <span class='ocrx_word' id='word_1_352' title='bbox 1459 4009 1470 4021; x_wconf 97' lang='lat'>.</span> <span class='ocrx_word' id='word_1_353' title='bbox 1497 3970 1869 4037; x_wconf 61' lang='lat' dir='ltr'>excutiamque</span> <span class='ocrx_word' id='word_1_354' title='bbox 1901 3970 2021 4023; x_wconf 87' lang='lat' dir='ltr'>Sen.</span> <span class='ocrx_word' id='word_1_355' title='bbox 2052 3969 2277 4037; x_wconf 83' lang='lat' dir='ltr'>Thyest.</span> <span class='ocrx_word' id='word_1_356' title='bbox 2308 3970 2413 4021; x_wconf 87' lang='grc'>839</span> <span class='ocrx_word' id='word_1_357' title='bbox 2450 3983 2560 4018; x_wconf 90' lang='lat' dir='ltr'>non</span> <span class='ocrx_word' id='word_1_358' title='bbox 2594 3965 2855 4032; x_wconf 88' lang='lat' dir='ltr'>phoebeis</span> <span class='ocrx_word' id='word_1_359' title='bbox 2880 3965 3041 4019; x_wconf 89' lang='lat' dir='ltr'>obvia</span> <span class='ocrx_word' id='word_1_360' title='bbox 3117 4033 3123 4039; x_wconf 90' lang='lat'>.</span> 
     </span>
    </p>
   </div>
   <div class='ocr_carea' id='block_1_17' title="bbox 646 4053 3039 4211">
    <p class='ocr_par' dir='ltr' id='par_1_17' title="bbox 646 4053 3039 4211">
     <span class='ocr_line' id='line_1_45' title="bbox 649 4053 3039 4124; baseline 0 -17"><span class='ocrx_word' id='word_1_361' title='bbox 649 4053 878 4108; x_wconf 89' lang='lat' dir='ltr'>flammis</span> <span class='ocrx_word' id='word_1_362' title='bbox 913 4054 1090 4108; x_wconf 89' lang='lat' dir='ltr'>demet</span> <span class='ocrx_word' id='word_1_363' title='bbox 1124 4056 1270 4108; x_wconf 90' lang='lat' dir='ltr'>nocti</span> <span class='ocrx_word' id='word_1_364' title='bbox 1306 4055 1435 4109; x_wconf 89' lang='lat' dir='ltr'>luna</span> <span class='ocrx_word' id='word_1_365' title='bbox 1469 4056 1690 4109; x_wconf 91' lang='lat' dir='ltr'>timores</span> <span class='ocrx_word' id='word_1_366' title='bbox 1727 4058 2010 4124; x_wconf 89' lang='lat' dir='ltr'>vincetque</span> <span class='ocrx_word' id='word_1_367' title='bbox 2030 4057 2113 4110; x_wconf 89' lang='lat' dir='ltr'>sui</span> <span class='ocrx_word' id='word_1_368' title='bbox 2154 4055 2337 4109; x_wconf 84' lang='lat' dir='ltr'>fratris</span> <span class='ocrx_word' id='word_1_369' title='bbox 2367 4057 2607 4108; x_wconf 89' lang='lat' dir='ltr'>habenas</span> <span class='ocrx_word' id='word_1_370' title='bbox 2640 4070 2801 4107; x_wconf 86' lang='lat' dir='ltr'>curvo</span> <span class='ocrx_word' id='word_1_371' title='bbox 2821 4054 3039 4107; x_wconf 88' lang='lat' dir='ltr'>brevius</span> 
     </span>
     <span class='ocr_line' id='line_1_46' title="bbox 646 4142 2839 4211; baseline -0 -16"><span class='ocrx_word' id='word_1_372' title='bbox 646 4143 817 4195; x_wconf 90' lang='lat' dir='ltr'>limite</span> <span class='ocrx_word' id='word_1_373' title='bbox 855 4159 1074 4196; x_wconf 90' lang='lat' dir='ltr'>currens</span> <span class='ocrx_word' id='word_1_374' title='bbox 1099 4142 1229 4196; x_wconf 86' lang='lat' dir='ltr'>Oed.</span> <span class='ocrx_word' id='word_1_375' title='bbox 1269 4146 1371 4197; x_wconf 87' lang='lat'>253</span> <span class='ocrx_word' id='word_1_376' title='bbox 1412 4160 1671 4211; x_wconf 90' lang='lat' dir='ltr'>sororque</span> <span class='ocrx_word' id='word_1_377' title='bbox 1697 4144 1853 4198; x_wconf 82' lang='lat' dir='ltr'>fratri</span> <span class='ocrx_word' id='word_1_378' title='bbox 1890 4160 2102 4211; x_wconf 90' lang='lat' dir='ltr'>semper</span> <span class='ocrx_word' id='word_1_379' title='bbox 2138 4158 2431 4196; x_wconf 90' lang='lat' dir='ltr'>occurrens</span> <span class='ocrx_word' id='word_1_380' title='bbox 2470 4148 2582 4208; x_wconf 83' lang='lat' dir='ltr'>tu0,</span> <span class='ocrx_word' id='word_1_381' title='bbox 2619 4142 2839 4194; x_wconf 89' lang='lat' dir='ltr'>Phoebe</span> 
     </span>
    </p>
   </div>
   <div class='ocr_carea' id='block_1_18' title="bbox 648 4247 3043 4494">
    <p class='ocr_par' dir='ltr' id='par_1_18' title="bbox 648 4247 3043 4494">
     <span class='ocr_line' id='line_1_47' title="bbox 648 4247 3043 4319; baseline -0 -18"><span class='ocrx_word' id='word_1_382' title='bbox 648 4249 834 4302; x_wconf 89' lang='lat' dir='ltr'>Manil.</span> <span class='ocrx_word' id='word_1_383' title='bbox 882 4249 932 4301; x_wconf 93' lang='lat' dir='ltr'><strong>V</strong></span> <span class='ocrx_word' id='word_1_384' title='bbox 968 4251 1036 4301; x_wconf 93' lang='grc'>80</span> <span class='ocrx_word' id='word_1_385' title='bbox 1072 4250 1129 4301; x_wconf 93' lang='lat' dir='ltr'>in</span> <span class='ocrx_word' id='word_1_386' title='bbox 1171 4250 1447 4316; x_wconf 89' lang='lat' dir='ltr'>obliquum</span> <span class='ocrx_word' id='word_1_387' title='bbox 1485 4267 1674 4304; x_wconf 89' lang='lat' dir='ltr'>cursus</span> <span class='ocrx_word' id='word_1_388' title='bbox 1712 4252 1917 4319; x_wconf 87' lang='lat' dir='ltr'>agitare</span> <span class='ocrx_word' id='word_1_389' title='bbox 1957 4251 2077 4304; x_wconf 89' lang='lat' dir='ltr'>Sen.</span> <span class='ocrx_word' id='word_1_390' title='bbox 2116 4248 2323 4303; x_wconf 88' lang='lat' dir='ltr'>Phaed.</span> <span class='ocrx_word' id='word_1_391' title='bbox 2366 4251 2469 4300; x_wconf 85' lang='lat'>312</span> <span class='ocrx_word' id='word_1_392' title='bbox 2507 4253 2799 4301; x_wconf 85' lang='lat' dir='ltr'>nocturnas</span> <span class='ocrx_word' id='word_1_393' title='bbox 2836 4247 3043 4313; x_wconf 89' lang='lat' dir='ltr'>agitare</span> 
     </span>
     <span class='ocr_line' id='line_1_48' title="bbox 650 4335 2824 4407; baseline -0 -19"><span class='ocrx_word' id='word_1_394' title='bbox 650 4336 804 4403; x_wconf 85' lang='lat' dir='ltr'>bigas</span> <span class='ocrx_word' id='word_1_395' title='bbox 844 4366 903 4372; x_wconf 90' lang='lat'>—</span> <span class='ocrx_word' id='word_1_396' title='bbox 945 4335 999 4386; x_wconf 94' lang='lat' dir='ltr'>II</span> <span class='ocrx_word' id='word_1_397' title='bbox 1035 4337 1138 4388; x_wconf 83' lang='lat'>643</span> <span class='ocrx_word' id='word_1_398' title='bbox 1174 4336 1404 4403; x_wconf 87' lang='lat' dir='ltr'>agitabis</span> <span class='ocrx_word' id='word_1_399' title='bbox 1441 4340 1499 4391; x_wconf 88' lang='lat' dir='ltr'>in</span> <span class='ocrx_word' id='word_1_400' title='bbox 1536 4341 1664 4393; x_wconf 91' lang='lat' dir='ltr'>orbe</span> <span class='ocrx_word' id='word_1_401' title='bbox 1702 4341 1861 4407; x_wconf 87' lang='lat' dir='ltr'>Verg.</span> <span class='ocrx_word' id='word_1_402' title='bbox 1901 4342 1966 4393; x_wconf 89' lang='lat' dir='ltr'>A.</span> <span class='ocrx_word' id='word_1_403' title='bbox 2005 4339 2075 4391; x_wconf 90' lang='lat' dir='ltr'>Xl</span> <span class='ocrx_word' id='word_1_404' title='bbox 2115 4340 2220 4391; x_wconf 85' lang='lat'>694</span> <span class='ocrx_word' id='word_1_405' title='bbox 2257 4337 2466 4403; x_wconf 85' lang='lat' dir='ltr'>agitata</span> <span class='ocrx_word' id='word_1_406' title='bbox 2502 4352 2601 4403; x_wconf 88' lang='lat' dir='ltr'>per</span> <span class='ocrx_word' id='word_1_407' title='bbox 2640 4336 2824 4388; x_wconf 90' lang='lat' dir='ltr'>orbem</span> 
     </span>
     <span class='ocr_line' id='line_1_49' title="bbox 654 4423 1732 4494; baseline 0.004 -18"><span class='ocrx_word' id='word_1_408' title='bbox 654 4424 776 4477; x_wconf 88' lang='lat' dir='ltr'>Sen.</span> <span class='ocrx_word' id='word_1_409' title='bbox 815 4423 1048 4477; x_wconf 91' lang='lat' dir='ltr'>Phaedr.</span> <span class='ocrx_word' id='word_1_410' title='bbox 1094 4424 1222 4476; x_wconf 84' lang='lat'>1091</span> <span class='ocrx_word' id='word_1_411' title='bbox 1264 4425 1551 4494; x_wconf 90' lang='lat' dir='ltr'>indignans</span> <span class='ocrx_word' id='word_1_412' title='bbox 1589 4427 1732 4480; x_wconf 88' lang='lat' dir='ltr'>diem</span> 
     </span>
    </p>
   </div>
   <div class='ocr_carea' id='block_1_19' title="bbox 651 4526 3046 4937">
    <p class='ocr_par' dir='ltr' id='par_1_19' title="bbox 651 4526 3046 4937">
     <span class='ocr_line' id='line_1_50' title="bbox 652 4526 3046 4597; baseline -0.002 -14"><span class='ocrx_word' id='word_1_413' title='bbox 652 4531 812 4583; x_wconf 87' lang='lat' dir='ltr'>Lucr.</span> <span class='ocrx_word' id='word_1_414' title='bbox 851 4530 901 4581; x_wconf 97' lang='lat' dir='ltr'><strong>V</strong></span> <span class='ocrx_word' id='word_1_415' title='bbox 937 4531 1006 4583; x_wconf 89' lang='grc'>96</span> <span class='ocrx_word' id='word_1_416' title='bbox 1044 4536 1165 4582; x_wconf 89' lang='lat' dir='ltr'>ruet</span> <span class='ocrx_word' id='word_1_417' title='bbox 1217 4532 1386 4585; x_wconf 90' lang='lat' dir='ltr'>moles</span> <span class='ocrx_word' id='word_1_418' title='bbox 1425 4536 1478 4585; x_wconf 90' lang='lat' dir='ltr'>et</span> <span class='ocrx_word' id='word_1_419' title='bbox 1511 4533 1760 4585; x_wconf 87' lang='lat' dir='ltr'>machina</span> <span class='ocrx_word' id='word_1_420' title='bbox 1801 4531 1988 4583; x_wconf 89' lang='lat' dir='ltr'>mundi</span> <span class='ocrx_word' id='word_1_421' title='bbox 2024 4530 2223 4583; x_wconf 89' lang='lat' dir='ltr'>Manil.</span> <span class='ocrx_word' id='word_1_422' title='bbox 2282 4531 2319 4581; x_wconf 90' lang='lat' dir='ltr'>ll</span> <span class='ocrx_word' id='word_1_423' title='bbox 2386 4531 2479 4597; x_wconf 83' lang='lat'>(68</span> <span class='ocrx_word' id='word_1_424' title='bbox 2496 4530 2532 4596; x_wconf 79' lang='lat'>3)</span> <span class='ocrx_word' id='word_1_425' title='bbox 2590 4531 2693 4582; x_wconf 89' lang='grc'>807</span> <span class='ocrx_word' id='word_1_426' title='bbox 2750 4526 3046 4580; x_wconf 88' lang='lat' dir='ltr'>dissociata</span> 
     </span>
     <span class='ocr_line' id='line_1_51' title="bbox 651 4613 3039 4685; baseline -0.003 -14"><span class='ocrx_word' id='word_1_427' title='bbox 651 4617 787 4671; x_wconf 90' lang='lat' dir='ltr'>fluat</span> <span class='ocrx_word' id='word_1_428' title='bbox 821 4617 1060 4671; x_wconf 87' lang='lat' dir='ltr'>resoluto</span> <span class='ocrx_word' id='word_1_429' title='bbox 1096 4618 1346 4671; x_wconf 89' lang='lat' dir='ltr'>machina</span> <span class='ocrx_word' id='word_1_430' title='bbox 1381 4620 1580 4674; x_wconf 91' lang='lat' dir='ltr'>mundo</span> <span class='ocrx_word' id='word_1_431' title='bbox 1621 4620 1740 4674; x_wconf 87' lang='lat' dir='ltr'>Sen.</span> <span class='ocrx_word' id='word_1_432' title='bbox 1787 4619 1931 4673; x_wconf 89' lang='lat' dir='ltr'>Med.</span> <span class='ocrx_word' id='word_1_433' title='bbox 1974 4621 2075 4673; x_wconf 89' lang='grc'>605</span> <span class='ocrx_word' id='word_1_434' title='bbox 2112 4634 2299 4685; x_wconf 87' lang='lat' dir='ltr'>rumpe</span> <span class='ocrx_word' id='word_1_435' title='bbox 2337 4633 2435 4671; x_wconf 90' lang='lat' dir='ltr'>nec</span> <span class='ocrx_word' id='word_1_436' title='bbox 2473 4658 2485 4671; x_wconf 94' lang='lat'>.</span> <span class='ocrx_word' id='word_1_437' title='bbox 2526 4659 2537 4671; x_wconf 95' lang='lat'>.</span> <span class='ocrx_word' id='word_1_438' title='bbox 2576 4616 2795 4670; x_wconf 90' lang='lat' dir='ltr'>foedera</span> <span class='ocrx_word' id='word_1_439' title='bbox 2853 4613 3039 4667; x_wconf 89' lang='lat' dir='ltr'>mundi</span> 
     </span>
     <span class='ocr_line' id='line_1_52' title="bbox 652 4702 3046 4769; baseline -0.002 -10"><span class='ocrx_word' id='word_1_440' title='bbox 652 4707 842 4760; x_wconf 85' lang='lat' dir='ltr'>Avien.</span> <span class='ocrx_word' id='word_1_441' title='bbox 872 4709 1025 4759; x_wconf 88' lang='lat' dir='ltr'>Arat.</span> <span class='ocrx_word' id='word_1_442' title='bbox 1055 4708 1158 4759; x_wconf 87' lang='grc'><strong>562</strong></span> <span class='ocrx_word' id='word_1_443' title='bbox 1190 4706 1446 4762; x_wconf 86' lang='lat' dir='ltr'>Dracont.</span> <span class='ocrx_word' id='word_1_444' title='bbox 1472 4710 1524 4761; x_wconf 92' lang='lat' dir='ltr'>X</span> <span class='ocrx_word' id='word_1_445' title='bbox 1550 4711 1654 4762; x_wconf 89' lang='grc'>499</span> <span class='ocrx_word' id='word_1_446' title='bbox 1679 4709 1930 4761; x_wconf 86' lang='lat' dir='ltr'>machina</span> <span class='ocrx_word' id='word_1_447' title='bbox 1952 4706 2137 4760; x_wconf 88' lang='lat' dir='ltr'>mundi</span> <span class='ocrx_word' id='word_1_448' title='bbox 2170 4706 2359 4759; x_wconf 86' lang='lat' dir='ltr'>Claud.</span> <span class='ocrx_word' id='word_1_449' title='bbox 2386 4707 2444 4759; x_wconf 91' lang='lat' dir='ltr'>in</span> <span class='ocrx_word' id='word_1_450' title='bbox 2471 4704 2649 4759; x_wconf 89' lang='lat' dir='ltr'>Rufin.</span> <span class='ocrx_word' id='word_1_451' title='bbox 2681 4706 2696 4755; x_wconf 90' lang='lat' dir='ltr'>l</span> <span class='ocrx_word' id='word_1_452' title='bbox 2735 4707 2769 4757; x_wconf 92' lang='grc'><strong>4</strong></span> <span class='ocrx_word' id='word_1_453' title='bbox 2793 4702 3046 4769; x_wconf 86' lang='lat' dir='ltr'>dispositi</span> 
     </span>
     <span class='ocr_line' id='line_1_53' title="bbox 652 4791 3041 4864; baseline -0.003 -15"><span class='ocrx_word' id='word_1_454' title='bbox 652 4796 984 4863; x_wconf 89' lang='lat' dir='ltr'>quaesissem</span> <span class='ocrx_word' id='word_1_455' title='bbox 1022 4792 1242 4847; x_wconf 88' lang='lat' dir='ltr'>foedera</span> <span class='ocrx_word' id='word_1_456' title='bbox 1276 4797 1460 4851; x_wconf 90' lang='lat' dir='ltr'>mundi</span> <span class='ocrx_word' id='word_1_457' title='bbox 1505 4797 1722 4864; x_wconf 89' lang='lat' dir='ltr'>Coripp.</span> <span class='ocrx_word' id='word_1_458' title='bbox 1763 4797 1888 4850; x_wconf 90' lang='lat' dir='ltr'>Joh.</span> <span class='ocrx_word' id='word_1_459' title='bbox 1942 4796 1957 4845; x_wconf 90' lang='lat' dir='ltr'>l</span> <span class='ocrx_word' id='word_1_460' title='bbox 1994 4796 2093 4849; x_wconf 89' lang='grc'>291</span> <span class='ocrx_word' id='word_1_461' title='bbox 2150 4810 2449 4863; x_wconf 88' lang='lat' dir='ltr'>magnaque</span> <span class='ocrx_word' id='word_1_462' title='bbox 2504 4793 2753 4848; x_wconf 89' lang='lat' dir='ltr'>concussi</span> <span class='ocrx_word' id='word_1_463' title='bbox 2790 4791 3041 4845; x_wconf 87' lang='lat' dir='ltr'>turbatur</span> 
     </span>
     <span class='ocr_line' id='line_1_54' title="bbox 651 4880 1125 4937; baseline -0.013 1"><span class='ocrx_word' id='word_1_464' title='bbox 651 4885 902 4937; x_wconf 88' lang='lat' dir='ltr'>machina</span> <span class='ocrx_word' id='word_1_465' title='bbox 937 4880 1125 4937; x_wconf 91' lang='lat' dir='ltr'>mundi</span> 
     </span>
    </p>
   </div>
  </div>
 </body>
</html>
