3663 5495
1716 469 1787 477 -.
1883 435 1966 499 30
2053 471 2137 480 ...-

1170 616 1313 680 Hae
1357 617 1623 682 ducibus
1669 637 1896 683 causae
1940 621 2269 698 suberant;
2313 623 2426 695 sed
2474 623 2726 704 publica
2771 623 2918 688 belli

1004 719 1275 796 Semina,
1324 737 1486 799 quae
1529 719 1799 799 populos
1844 739 2096 801 semper
2134 741 2414 788 mersere
2459 731 2764 806 potentes.

802 825 923 887 160
1012 821 1302 900 Namque
1348 827 1415 884 ut
1455 839 1615 911 ¹opes
1658 822 1887 886 nimias
1930 826 2168 888 mundo
2214 825 2465 893 fortuna
2511 829 2772 894 subacto

1009 923 1234 988 Intulit
1277 931 1341 987 et
1384 925 1575 987 rebus
1616 942 1825 988 mores
1871 943 2118 991 cessere
2163 931 2458 994 secundis

1004 1025 1375 1106 Praedaque
1419 1032 1483 1090 et
1526 1026 1783 1090 hostiles
1828 1027 2042 1092 luxum
2090 1049 2348 1094 suasere
2391 1033 2666 1113 rapinae,

1005 1127 1149 1191 Non
1194 1147 1349 1191 auro
1393 1129 1654 1192 tectisve
1698 1129 1942 1207 modus,
1989 1150 2367 1215 mensasque
2415 1120 2660 1214 priores

1006 1229 1362 1309 Aspernata
1403 1231 1630 1305 fames3
1676 1232 1885 1296 cultus
1925 1245 2173 1314 gestare
2217 1237 2479 1300 decoros

800 1335 922 1394 165
1014 1331 1131 1394 Vix
1178 1333 1443 1396 nuribus
1487 1353 1753 1416 rapuere
1796 1355 2028 1414 mares3
2077 1336 2346 1402 fecunda
2386 1339 2670 1421 ‘virorum

1008 1432 1361 1514 Paupertas
1404 1433 1661 1516 fugitur,
1705 1443 1964 1518 totoque
2007 1440 2346 1504 accersitur
2391 1441 2560 1517 orbe,

1006 1533 1148 1610 Quo
1196 1556 1351 1617 gens
1396 1543 1679 1619 quaeque
1724 1543 1913 1621 perit3
1959 1549 2109 1604 tunc
2154 1541 2378 1622 longos
2425 1543 2686 1623 iungere
2732 1543 2889 1608 fines

1002 1641 1319 1720 Agrorum
1372 1647 1435 1704 et
1478 1641 1795 1720 quondam
1845 1642 2003 1706 duro
2052 1642 2290 1706 sulcata
2337 1643 2584 1707 Camilli

1012 1743 1282 1806 Vomere
1326 1751 1393 1806 et
1434 1745 1726 1824 antiquos
1774 1745 2107 1809 Curiorum
2154 1764 2342 1827 passa
2386 1745 2630 1827 ligones

808 1847 929 1908 170
1016 1845 1229 1924 Longa
1272 1845 1393 1907 sub
1438 1846 1669 1924 ignotis
1714 1848 2050 1910 extendere
2094 1867 2242 1911 rura
2289 1847 2545 1911 colonis.

680 2009 781 2060 158
820 2007 917 2061 Ov.
957 2008 993 2063 f.
1033 2009 1112 2062 IV
1153 2011 1256 2063 368
1294 2025 1363 2062 an
1403 2024 1501 2062 sua
1536 2025 1700 2062 causa
1738 2010 1967 2063 subest?
2040 2011 2093 2062 II
2130 2014 2234 2064 514
2269 2011 2350 2064 IV
2380 2013 2482 2064 140
2505 2013 2556 2064 V
2584 2015 2689 2066 350
2715 2013 2795 2064 VI
2821 2013 2927 2066 266
2953 2025 3118 2065 causa
3141 2052 3154 2065 .
3183 2053 3198 2065 .

806 2097 993 2150 subest
1055 2130 1113 2136 -—
1178 2097 1287 2151 Cic.
1328 2096 1415 2151 off.
1456 2097 1508 2150 II
1544 2101 1667 2164 8,29
1720 2116 1819 2153 nec
1853 2116 1978 2153 vero
2027 2116 2280 2168 umquam
2326 2101 2595 2154 bellorum
2643 2102 2880 2155 civilium
2925 2116 3109 2155 semen
3144 2105 3199 2154 et

807 2201 971 2240 causa
1008 2186 1181 2240 deerit

666 2277 774 2328 1-59
812 2291 930 2342 sqq.
975 2275 1125 2329 Flor.
1164 2275 1181 2324 1
1224 2277 1346 2341 47,7
1407 2290 1545 2341 quae
1600 2273 1740 2327 enim
1796 2290 1884 2328 res
1931 2273 2041 2326 alia
2088 2275 2272 2328 civiles
2310 2275 2521 2330 furores
2557 2277 2772 2344 peperit
2805 2289 2967 2341 quam
2999 2275 3199 2327 nimiae

806 2362 1094 2416 felicitates
1113 2364 1139 2415 ‘?
1187 2404 1200 2416 .
1246 2403 1259 2416 .
1304 2363 1431 2415 illae
1481 2379 1613 2430 opes
1656 2370 1819 2430 atque
1857 2363 2078 2417 divitiae
2112 2363 2372 2418 adflixere
2409 2367 2612 2420 saeculi
2645 2381 2822 2420 mores
2861 2378 3199 2430 mersamque

809 2450 955 2504 vitiis
1022 2451 1139 2503 suis
1196 2451 1352 2516 quasi
1400 2452 1613 2504 sentina
1659 2444 1771 2504 rem
1807 2451 2080 2518 publicam
2116 2468 2336 2520 pessum
2373 2453 2568 2507 dedere
2605 2453 2758 2520 (Sall.
2795 2453 2923 2507 hist.
2960 2452 2979 2502 1
3020 2455 3085 2506 16
3120 2453 3197 2506 Μ.

809 2538 967 2591 Catil.
1008 2539 1073 2592 10
1112 2555 1265 2606 sqq.;
1300 2541 1366 2591 37
1399 2539 1543 2592 Petr.
1585 2541 1685 2592 119
1722 2539 1844 2592 Juv.
1883 2541 1963 2592 VI
2001 2542 2106 2593 298
2143 2541 2286 2608 sqq.)

672 2628 773 2680 162-
809 2643 927 2693 sqq.
968 2627 1091 2680 Sen.
1132 2642 1215 2693 ep.
1259 2629 1413 2692 1]4,9
1450 2627 1543 2680 ubi
1578 2628 1848 2681 luxuriam
1869 2629 1980 2681 late
2004 2627 2236 2682 felicitas
2265 2628 2422 2694 fudit,
2452 2629 2628 2681 cultus
2656 2628 2889 2695 primum
2913 2641 3198 2692 corporum

815 2731 936 2769 esse
974 2715 1286 2784 diligentior
1320 2717 1543 2784 incipit3
1578 2715 1771 2770 deinde
1807 2717 2133 2785 supellectili
2169 2718 2478 2787 laboratur3
2515 2716 2708 2771 deinde
2750 2716 2809 2769 in
2833 2715 2983 2783 ipsas
3011 2712 3198 2767 domos

808 2804 1123 2871 inpenditur
1158 2821 1304 2872 cura,
1342 2812 1401 2857 ut
1437 2806 1494 2857 in
1529 2805 1807 2858 laxitatem
1835 2807 1977 2859 ruris
2007 2813 2310 2874 excurrant,
2352 2847 2363 2859 .
2404 2846 2416 2859 .
2463 2811 2523 2857 ut
2557 2811 2704 2859 tecta
2739 2804 3014 2857 varientur
3048 2816 3198 2867 auro,

806 2900 870 2945 ut
926 2894 1278 2947 lacunaribus
1331 2894 1759 2961 pavimentorum
1811 2895 2140 2962 respondeat
2183 2896 2342 2949 nitor.
2416 2894 2626 2947 Deinde
2673 2892 2745 2946 ad
2788 2908 2948 2945 cenas
2985 2888 3200 2943 lautitia

808 2981 1138 3035 transfertur
1174 2989 1228 3035 et
1275 2982 1389 3035 illic
1438 2982 1829 3036 commendatio
1876 2999 1942 3036 ex
1987 2983 2228 3036 novitate
2265 2991 2319 3036 et
2355 2983 2503 3037 soliti
2541 2983 2747 3037 ordinis
2784 2971 3200 3033 commutatione

800 3076 1057 3135 captatur
1107 3071 1262 3137 115‚s
1311 3087 1391 3137 sq.
1442 3071 1588 3124 Petr.
1645 3073 1827 3137 12Ο,85
1873 3072 2056 3138 aspice
2110 3071 2220 3124 late
2256 3066 2525 3124 luxuriam
2561 3072 2858 3139 spoliorum
2893 3073 2948 3120 et
2981 3081 3200 3119 censum

804 3158 861 3209 in
897 3158 1094 3211 damna
1132 3157 1426 3212 furentem:
1465 3158 1752 3213 aedificant
1786 3174 1919 3213 auro
1949 3159 2212 3227 sedesque
2237 3158 2306 3211 ad
2334 3159 2514 3213 sidera
2537 3160 2759 3212 mittunt
2787 3159 2914 3212 Tac.
2944 3172 2992 3209 a.
3025 3154 3110 3210 III
3129 3158 3197 3211 53

667 3248 771 3297 163
813 3245 907 3298 Sil.
947 3246 1083 3299 XIII
1123 3249 1227 3299 356
1263 3262 1362 3300 nec
1398 3248 1590 3303 modus
1629 3256 1851 3317 argento

672 3336 772 3386 164
804 3350 884 3400 sq.
926 3334 1047 3388 Sen.
1088 3336 1196 3403 (ep.
1239 3337 1391 3402 122,7
1431 3344 1761 3392 commutant
1797 3355 1917 3392 cum
1953 3339 2168 3394 feminis
2205 3342 2431 3411 vestem)
2470 3348 2580 3395 nat.
2619 3359 2670 3409 q.
2693 3336 2804 3395 'VII
2832 3344 2953 3408 31‚2
2989 3340 3198 3393 colores

808 3424 1147 3477 meretricios
1184 3425 1446 3500 matronis
1484 3426 1700 3492 quidem
1735 3444 1843 3481 non
1871 3428 2174 3483 induendos
2204 3431 2306 3483 viri
2336 3431 2595 3485 sumimus
2617 3430 2711 3483 Sil.
2731 3429 2867 3482 XIII
2888 3432 2990 3482 353
3025 3428 3200 3482 virum

807 3512 871 3565 de
894 3529 1129 3579 corpore
1148 3520 1326 3567 vestes
1346 3513 1607 3569 femineae
1630 3516 1794 3570 Solin.
1822 3520 1943 3584 50,3
1965 3549 2028 3555 ——
2061 3519 2158 3573 Ov.
2187 3536 2254 3573 m.
2289 3520 2341 3574 II
2361 3521 2465 3573 366
2486 3519 2712 3572 nuribus
2748 3518 2917 3570 mittit
2939 3516 3201 3586 gestanda

810 3600 1023 3655 Latinis
1065 3601 1206 3655 Stat.
1246 3618 1287 3655 s,
1326 3604 1343 3653 1
1384 3605 1506 3669 6,·29
1542 3603 1738 3658 decora
1770 3606 1922 3659 cultu

675 3688 775 3739 165
814 3702 931 3753 sqq.
976 3688 1108 3743 Hor.
1161 3706 1205 3743 c.
1246 3692 1265 3741 1
1309 3693 1456 3759 12,41
1507 3692 1650 3745 hunc
1696 3701 1752 3747 et
1794 3694 2084 3761 incomptis
2135 3695 2354 3748 Curium
2411 3696 2623 3762 capillis
2671 3694 2859 3748 utilem
2895 3694 3038 3747 bello
3073 3693 3202 3747 tulit

807 3781 862 3827 et
900 3776 1188 3831 Camillum
1244 3795 1405 3833 saeva
1460 3788 1753 3848 paupertas
1808 3789 1865 3835 et
1907 3783 2083 3836 avitus
2130 3790 2258 3851 apto
2295 3800 2416 3836 cum
2452 3783 2565 3835 lare
2621 3782 2819 3835 fundus
2895 3782 3043 3835 Stob.
3079 3780 3198 3837 flor.

807 3866 963 3929 95‚17
1014 3866 1121 3935 (III
1172 3883 1225 3934 p.
1264 3871 1369 3922 200
1405 3869 1488 3936 M)
1532 3863 1834 3937 Ἀρκεσίλαος
1879 3864 1967 3935 τὴν
2011 3876 2170 3922 πενίαν
2203 3865 2392 3940 λυπρὰν
2431 3870 2516 3939 μὲν
2552 3868 2710 3935 ἔλεγεν
2744 3863 2856 3921 εἶναι
2892 3907 2902 3916 .
2945 3908 2955 3917 .
2996 3861 3200 3933 ἀγαθὴν

807 3951 861 4002 δὲ
898 3951 1229 4024 κουροτρόφον

676 4041 776 4093 166
814 4056 892 4106 sq.
935 4042 1055 4097 Sen.
1107 4045 1236 4099 dial.
1276 4048 1383 4100 XII
1423 4052 1539 4115 10,3
1586 4050 1774 4117 epulas
1814 4092 1825 4104 .
1867 4092 1878 4103 .
1917 4058 2032 4104 toto
2082 4053 2211 4105 orbe
2261 4052 2590 4119 conquirunt
2629 4053 2835 4104 Auson.
2877 4049 3010 4117 Cup.
3056 4066 3197 4103 cruc.

711 4204 717 4207 .
808 4132 876 4182 67
914 4146 967 4196 p.
1011 4134 1107 4184 112
1146 4134 1208 4187 P.
1249 4143 1311 4187 ut
1349 4152 1455 4203 quo
1502 4153 1747 4205 quaeque
1792 4140 1936 4205 perit
1969 4170 2040 4179 -—
2076 4140 2263 4193 Manil.
2303 4142 2353 4191 V
2392 4142 2460 4193 55
2507 4146 2764 4207 totusque
2802 4181 2812 4191 .
2855 4180 2866 4191 .
2907 4138 3201 4192 arcessitur

808 4218 954 4271 orbis

674 4306 773 4357 167
813 4305 935 4361 Sen.
975 4322 1057 4373 ep.
1106 4309 1263 4374 90,39
1308 4310 1437 4363 licet
1481 4328 1640 4379 agros
1686 4313 1829 4380 agris
1890 4313 2091 4367 adiciat
2125 4355 2138 4369 .
2179 4356 2191 4367 .
2230 4315 2356 4368 licet
2413 4315 2471 4367 in
2518 4313 2916 4381 provinciarum
2964 4314 3196 4381 spatium

806 4408 931 4446 rura
969 4394 1160 4449 dilatet
1935 4398 1941 4402 ’

674 4482 773 4535 168
811 4498 929 4549 sqq.
968 4485 1127 4551 Verg.
1149 4501 1197 4551 g.
1228 4486 1310 4539 III
1329 4490 1431 4539 515
1475 4487 1642 4541 duro.
1667 4528 1679 4541 .
1701 4488 1802 4541 sub
1837 4503 2050 4541 vomere
2086 4495 2274 4542 taurus
2305 4489 2400 4542 Ov.
2429 4496 2494 4544 tr.
2524 4489 2606 4541 III
2638 4487 2931 4556 10,68·(Sil.
2964 4488 3044 4541 IX
3074 4488 3198 4557 191)

811 4587 1022 4625 vomere
1061 4573 1239 4626 sulcat
1280 4561 1469 4629 Claud.
1514 4576 1593 4627 IV
1631 4592 1776 4629 cons.
1816 4576 1955 4629 Hon.
1994 4580 2097 4630 418
2144 4578 2354 4631 sulcata
2399 4577 2492 4630 diu
2539 4576 2785 4629 trabeato
2836 4592 2964 4629 rura
3009 4576 3200 4630 colono

674 4659 775 4710 169
816 4657 1003 4713 Claud.
1044 4668 1184 4728 rapt.
1223 4662 1377 4715 Pros,
1418 4665 1444 4716 I
1491 4666 1589 4717 197
1626 4664 1833 4730 patiere
1867 4664 2075 4731 ligones

676 4748 777 4799 170
816 4746 937 4801 Sen.
978 4758 1148 4804 contr.
1188 4751 1241 4803 II
1280 4753 1398 4818 1,26
1434 4752 1606 4819 ignoti
1642 4767 1918 4805 servorum
1964 4753 2178 4806 domino
2224 4768 2411 4820 greges
2461 4754 2582 4808 Sen.
2632 4754 2758 4807 dial.
2796 4754 2902 4807 VH
2941 4754 3057 4820 17,2
3105 4768 3203 4805 cur

808 4839 967 4903 plura
1004 4839 1303 4909 (possides)
1347 4856 1508 4907 quam
1548 4840 1736 4893 nosti?
1776 4881 1787 4892 .
1828 4847 1990 4909 ..tam
2025 4842 2312 4910 neglegens
2351 4858 2427 4909 eS‚
2465 4848 2525 4895 ut
2560 4858 2669 4895 non
2704 4841 2919 4895 noveris
2940 4840 3203 4908 pauculos
