3663 5495
1726 429 2110 489 ..8.-

658 622 882 698 pentes
935 633 971 678 e
1021 635 1253 676 carcere
1304 624 1499 676 ventos
1554 611 1698 690 (Ov.
1744 631 1823 677 m.
1871 613 2025 680 XIV
2069 619 2198 680 224
2257 613 2366 678 Sil.
2421 613 2550 678 XII
2613 618 2732 680 188
2791 613 2945 678 Stat.
2995 634 3044 680 s·
3088 614 3192 678 III

657 723 803 797 2,42
845 717 956 783 Th.
1003 717 1106 780 III
1152 718 1277 781 432
1324 715 1543 779 Avien.
1591 715 1786 779 deser.
1839 720 1992 790 628)
2039 717 2266 781 metuit
2317 722 2463 794 etc.;
2517 716 2666 781 talia
2723 716 3038 798 permulta
3090 735 3193 780 co-

659 824 1031 886 acervarunt
1076 817 1385 898 Zingerle,
1446 817 1993 896 Ganzenmueller,
2052 819 2372 895 ManitiuS,
2418 817 2744 900 Weyman,
2797 819 2922 884 alii.
3015 818 3193 896 Quae

661 923 978 988 clausulae
1031 922 1155 985 iam
1213 918 1535 983 obsoletae
1589 925 1653 984 et
1703 921 2089 984 inveteratae
2135 919 2190 983 si
2231 920 2560 986 adiectivis
2618 921 2720 985 vel
2779 921 2990 985 verbis
3045 939 3192 985 one-

658 1031 895 1102 rantur,
937 1022 1476 1088 hemistichiorum
1522 1024 1721 1086 maior
1766 1021 2210 1086 concordantia
2258 1041 2382 1086 non
2426 1024 2624 1104 petita
2687 1024 2915 1087 existit.
3002 1022 3195 1088 Velut

534 1125 549 1208 'J
664 1127 755 1191 illi
805 1126 1010 1189 mebila
1060 1126 1220 1188 caelo
1270 1125 1697 1205 praepositum
1754 1130 1856 1188 est
1910 1123 2174 1188 verbum
2230 1123 2588 1204 depellendi
2645 1124 2817 1206 apud
2872 1124 3191 1189 Tibullum

546 1216 561 1312 ’ἰ
662 1229 696 1293 I
739 1234 883 1308 2,49
929 1233 993 1292 et
1036 1228 1357 1291 Lucanum
1407 1227 1465 1290 Χ
1509 1231 1653 1304 242,
1698 1226 2121 1308 postpositum
2165 1226 2229 1289 in
2277 1226 2529 1293 Anthol.
2575 1226 2678 1291 lat.
2729 1231 2946 1306 389,2;
2990 1229 3194 1289 vertice

500 1315 585 1435 χχ
662 1331 875 1392 montis
919 1329 1132 1410 «Verg.
1181 1329 1255 1394 A.
1303 1330 1356 1394 V
1402 1333 1484 1394 35
1532 1328 1647 1392 Ον.
1693 1346 1772 1395 m.
1820 1328 1915 1392 XI
1963 1331 2084 1394 503
2132 1329 2278 1393 Luc.
2321 1328 2420 1392 ΙΙΙ
2450 1331 2580 1394 470
2625 1328 2734 1396 Sil.
2765 1329 2856 1394 IV
2903 1333 3026 1394 347
3073 1329 3193 1394 XV

664 1434 818 1510 4053
865 1435 1015 1512 776)
1070 1429 1517 1511 amplificatum
1572 1431 1932 1495 invenimus
1985 1431 2207 1495 eodem
2265 1432 2461 1496 verbo
2504 1453 2734 1494 summo
2789 1429 2961 1510 apud
3004 1429 3190 1510 Verg.

662 1534 741 1601 Α.
764 1533 859 1598 XI
904 1537 1030 1598 526
1074 1532 1181 1596 Sil.
1228 1534 1297 1597 II
1343 1537 1463 1599 581
1512 1533 1605 1598 VI
1649 1537 1775 1598 644
1823 1533 1975 1598 Stat.
2021 1533 2132 1598 Th.
2168 1535 2222 1598 V
2254 1538 2410 1609 481;
2449 1532 2559 1613 qui
2601 1533 2775 1595 volvit
2819 1533 3048 1608 (iactat)
3089 1533 3196 1593 sub

661 1647 897 1718 pectore
951 1658 1127 1696 curas
1182 1636 1395 1714 (Verg.
1440 1636 1515 1701 A.
1561 1635 1593 1698 Ι
1639 1640 1763 1702 227
1823 1636 1970 1700 Luc.
2019 1637 2052 1700 I
2105 1641 2230 1702 272
2288 1636 2394 1701 Sil.
2441 1635 2559 1699 XV
2612 1639 2690 1701 19
2743 1634 2998 1715 Coripp.
3047 1633 3194 1700 Joh.

662 1738 695 1801 I
738 1741 821 1802 48
867 1738 971 1801 III
1020 1742 1049 1802 1
1086 1737 1177 1802 VI
1207 1741 1379 1815 232),
1425 1738 1685 1803 deorum
1733 1757 1916 1820 opem
1965 1739 2262 1821 implorat
2305 1757 2482 1802 more
2527 1739 2786 1818 antiquo
2831 1739 3070 1800 tendens
3111 1739 3198 1800 ad

666 1841 867 1902 sidera
898 1839 1148 1920 palmas
1219 1840 1404 1920 Verg.
1454 1841 1525 1907 A.
1573 1840 1607 1904 Ῑ
1651 1845 1734 1908 93
1779 1842 1898 1907 Ov.
1946 1859 2027 1905 m.
2073 1841 2169 1905 IX
2221 1843 2340 1906 175
2389 1840 2524 1905 Val.
2563 1841 2596 1904 I
2642 1843 2727 1906 80
2773 1839 2882 1904 Sil.
2912 1839 3031 1904 XV
3069 1843 3190 1906 561

664 1941 853 2006 XVII
900 1946 1025 2008 635
1073 1941 1224 2006 Stat.
1272 1943 1382 2006 Th.
1434 1943 1467 2006 I
1512 1947 1634 2008 497
1684 1943 1950 2009 Venant.
1998 1942 2060 2007 S.
2102 1943 2354 2006 Martin.
2398 1943 2491 2007 IV
2531 1944 2705 2018 605),
2743 1947 2859 2005 etc.

876 2043 1063 2120 Quod
1116 2043 1180 2106 in
1225 2044 1394 2108 calce
1437 2063 1679 2122 versus,
1729 2063 1858 2109 non
1911 2044 2113 2109 multo
2169 2044 2380 2109 minus
2432 2054 2640 2108 ratum
2695 2050 2796 2107 est
2853 2045 2917 2107 in
2972 2042 3198 2122 fronte,

669 2143 778 2208 ubi
822 2145 902 2208 ob
939 2146 1217 2209 rationes
1248 2147 1541 2210 metricas
1584 2153 1694 2210 aut
1731 2152 1992 2227 propter
2037 2148 2338 2212 maiorem
2386 2147 2512 2210 vim
2560 2147 2895 2210 verborum
2940 2145 3030 2210 ibi
3072 2147 3196 2210 col—

664 2247 1011 2312 locatorum
1068 2249 1375 2328 quaedam
1445 2250 1627 2314 unice
1687 2250 1968 2314 arrident
2035 2268 2230 2332 seque
2297 2250 2642 2316 venditant.
2732 2249 2862 2314 Cur
2921 2249 3195 2330 priorem

670 2367 894 2414 versus
929 2356 1168 2431 partem
1211 2351 1458 2431 expleat
1488 2351 2054 2436 Amphitryoniades
2097 2353 2310 2432 (Verg.
2340 2353 2419 2415 A.
2450 2352 2612 2415 VIII
2648 2354 2802 2428 1033
2839 2355 2965 2416 214
3009 2351 3198 2432 Prop.

668 2453 758 2520 IV
804 2459 895 2533 9,1
951 2455 1067 2519 Ov.
1114 2459 1256 2517 met.
1304 2453 1399 2517 IX
1449 2456 1599 2530 140
1627 2453 1703 2516 al.
1762 2453 1908 2517 Luc.
1956 2426 2051 2518 IX
2106 2458 2235 2520 644
2279 2454 2396 2517 Val
2462 2454 2494 2518 Ι
2540 2459 2664 2519 375
2711 2460 2850 2518 etc.»
2903 2461 3015 2519 aut
3071 2456 3202 2539 quis

658 2557 789 2638 fuit
829 2555 929 2620 vel
980 2551 1073 2618 Ῑιίο
1112 2556 1242 2638 fuit
1297 2556 1399 2618 ille
1443 2557 1567 2618 dies
1624 2555 1765 2624 ιΟν.
1810 2574 1932 2622 am
1979 2556 2082 2620 III
2130 2560 2260 2634 12,1
2313 2557 2354 2620 f.
2391 2556 2458 2619 11
2496 2560 2617 2622 195
2651 2556 2799 2619 Luc.
2831 2557 2898 2620 II
2929 2560 3013 2622 99
3046 2556 3199 2621 Stat.

664 2656 775 2722 Th.
824 2657 856 2721 Ι
904 2661 1026 2722 166
1070 2657 1199 2721 XII
1246 2660 1369 2723 698
1428 2675 1474 2720 s.
1518 2657 1550 2720 I
1596 2660 1779 2738 2,241
1846 2659 2086 2723 Auson
2133 2658 2357 2723 XVIII
2412 2660 2595 2736 20,11
2657 2677 2718 2739 p.
2762 2663 2886 2724 257
2940 2659 3195 2725 Anthol.

668 2760 773 2825 lat.
795 2766 919 2826 415
924 2764 1072 2843 ,,36)
1103 2760 1167 2823 in
1191 2764 1412 2840 aperto
1442 2765 1571 2837 est;
1602 2760 1854 2823 beatum
1890 2762 2093 2825 virum
2127 2780 2268 2826 cum
2301 2760 2666 2842 praedicare
2698 2761 2952 2840 vellent,
2975 2782 3198 2829 versus

666 2862 1042 2927 inchoabant
1092 2862 1251 2944 felix
1301 2862 1407 2945 qui
1449 2864 1643 2942 potuit
1700 2864 1888 2943 Verg.
1935 2882 1993 2943 g.
2038 2863 2106 2927 II
2147 2865 2275 2929 490
2331 2863 2520 2944 Prop.
2573 2863 2607 2926 Ι
2669 2865 2849 2939 12,15
2907 2864 3053 2929 Luc.
3102 2864 3194 2930 IV

666 2970 791 3032 393
837 2964 1060 3030 Boeth.
1104 2981 1275 3028 cons.
1325 2963 1457 3044 phil
1520 2965 1624 3029 III
1667 2972 1848 3029 metr.
1900 2970 1979 3030 12
2029 2973 2095 3038 1⁰,
2152 2971 2220 3043 33
2297 2968 2364 3029 di
2404 2967 2612 3030 melina
2664 2971 2728 3029 et
2783 2968 2850 3028 di
2906 2968 3015 3029 tibi
3063 2970 3201 3029 dent

667 3068 755 3132 ibi
818 3068 1040 3149 positis
1100 3065 1373 3146 gravitas
1428 3075 1696 3148 augetur
1750 3068 1959 3149 (Prop.
2003 3068 2095 3145 IV
2142 3072 2284 3146 6,65
2347 3068 2464 3133 Ov.
2508 3067 2640 3131 her.
2689 3068 2794 3132 III
2847 3074 2964 3134 125
3007 3068 3197 3134 XVII

667 3172 751 3235 30
794 3186 874 3235 m.
922 3169 1049 3233 VII
1093 3172 1173 3233 37
1220 3168 1314 3232 IX
1361 3173 1483 3235 497
1530 3170 1677 3234 Luc.
1709 3169 1777 3233 II
1816 3174 1941 3235 537
1988 3171 2093 3234 III
2138 3176 2249 3249 933
2294 3171 2483 3249 Prop.
2519 3169 2609 3234 IV
2643 3173 2787 3247 9,59
2836 3170 2951 3237 Ov.
2995 3189 3114 3233 am.
3163 3171 3196 3234 I

671 3275 856 3348 8,113
901 3276 974 3334 tr.
1028 3270 1131 3334 III
1187 3275 1328 3349 1,23
1382 3289 1456 3334 ex
1488 3272 1557 3337 P.
1590 3272 1658 3335 II
1691 3278 1831 3349 1,53
1875 3272 2022 3337 Luc.
2058 3274 2182 3337 VlI
2216 3276 2343 3337 470
2383 3272 2565 3335 Mart.
2603 3273 2692 3337 VI
2727 3277 2864 3346 87,1
2910 3272 2969 3336 Χ
3001 3276 3196 3353 34,1);

663 3373 975 3437 similibus
1036 3373 1245 3437 causis
1320 3374 1443 3437 alia
1519 3375 1696 3437 initia
1750 3376 1814 3437 in
1875 3392 2061 3437 usum
2132 3381 2198 3436 et
2268 3374 2792 3438 consuetudinem
2859 3380 3193 3438 venerunt:

669 3476 693 3536 i
733 3499 887 3536 nunc
929 3485 998 3551 et,
1054 3497 1158 3537 nec
1202 3498 1373 3538 mora
1417 3488 1485 3553 et,
1540 3500 1577 3539 a
1624 3477 1888 3562 quotiens
1939 3475 2153 3557 (Prop.
2201 3474 2233 3537 I
2285 3478 2459 3553 1831
2517 3476 2585 3539 II
2631 3480 2812 3554 33,11
2863 3477 2965 3541 III
3019 3480 3194 3553 15‚13

669 3574 785 3642 Ov.
828 3576 957 3644 her.
1019 3577 1072 3642 V
1124 3579 1208 3642 49
1252 3577 1347 3641 ΙΧ
1403 3581 1481 3643 79
1540 3578 1693 3642 XVI
1748 3580 1871 3644 239
1927 3584 2001 3641 tr.
2047 3578 2078 3641 I
2124 3582 2263 3655 3,51
2313 3597 2392 3641 m.
2443 3577 2511 3641 II
2557 3583 2680 3644 489
2728 3579 2873 3646 Luc.
2925 3580 2978 3644 V
3025 3582 3198 3663 615),

669 3678 803 3742 vide
860 3701 963 3761 eqo
1026 3685 1091 3743 et
1143 3692 1361 3760 eyomet
1418 3681 1630 3761 (Verg.
1686 3682 1759 3745 A.
1805 3681 1909 3744 III
1956 3682 2077 3745 623
2138 3680 2292 3746 Hor.
2341 3699 2388 3744 S.
2433 3681 2466 3743 Ι
2512 3684 2654 3758 833
2702 3681 2890 3762 Prop.
2942 3681 2974 3743 Ι
3017 3682 3197 3757 13,14

672 3782 764 3848 IV
810 3785 981 3862 2,53;
1037 3787 1209 3865 5,61;
1258 3788 1335 3850 67
1384 3783 1517 3847 Tib.
1578 3783 1600 3845 1
1658 3786 1801 3861 2,89
1864 3782 1980 3846 Ov.
2033 3802 2152 3846 am.
2200 3782 2232 3845 I
2277 3785 2419 3860 2,11
2468 3782 2536 3845 II
2582 3786 2757 3860 2,47;
2820 3787 3005 3861 12,25
3050 3783 3195 3846 Luc.

673 3884 765 3949 v1
811 3888 932 3949 795
1003 3885 1157 3951 Stat.
1220 3905 1268 3950 s.
1315 3885 1384 3949 II
1433 3887 1608 3962 1,101
1681 3885 1924 3947 Auson.
1985 3882 2144 3947 Mos,
2189 3886 2342 3965 2703
2412 3887 2582 3967 341),
2643 3897 2876 3947 ventum
2933 3896 3059 3947 erat
3113 3886 3199 3947 ad

672 3987 885 4067 (Verg.
937 3988 1012 4051 A.
1078 3988 1167 4051 VI
1224 3993 1305 4053 45
1359 3987 1475 4051 Ov.
1529 3986 1568 4050 f.
1618 3987 1720 4049 III
1767 3990 1888 4052 651
1939 3986 2084 4050 Luc.
2139 3986 2260 4050 VII
2306 3992 2430 4052 545
2477 3988 2576 4051 IX
2631 3992 2749 4052 511
2802 3988 2919 4053 Val
2963 3988 3026 4051 lI
3073 3992 3196 4054 332

674 4088 826 4153 Stat.
855 4089 966 4155 Th.
1014 4089 1082 4152 II
1129 4092 1209 4153 65
1256 4090 1351 4154 ΙΧ
1398 4094 1569 4166 225),
1626 4091 1842 4170 sicque
1886 4091 1949 4152 in
1997 4107 2218 4153 versus
2262 4090 2518 4153 exordio
2564 4091 2794 4154 iterum
2841 4092 3198 4171 iterumque

669 4192 939 4254 redeunt
987 4192 1209 4271 yemini
1262 4194 1488 4267 fratres
1540 4198 1686 4273 post
1740 4192 1930 4255 unius
1968 4190 2244 4271 syllabae
2287 4192 2684 4267 vocabulum,
2729 4191 2838 4257 cfr.
2894 4194 3072 4273 Verg.
3126 4194 3196 4255 A.

673 4293 798 4357 VII
842 4295 968 4359 670
1013 4292 1129 4357 Ov.
1176 4311 1257 4355 m.
1294 4294 1349 4355 V
1390 4295 1514 4379 ι107
1560 4294 1746 4369 (VIII
1793 4296 1944 4377 372)
1989 4293 2202 4358 Manil.
2250 4293 2318 4355 II
2365 4300 2488 4362 568
2537 4297 2682 4359 Luc.
2715 4295 2819 4357 ΙΙΙ
2859 4297 2983 4360 603
3015 4295 3195 4358 Mart.

671 4395 774 4458 III
820 4399 957 4472 88,1
1009 4395 1228 4459 Claud.
1281 4395 1339 4459 b.
1386 4396 1526 4461 Get.
1574 4399 1655 4460 68
1699 4396 1953 4462 Anthol.
1999 4396 2097 4460 lat.
2149 4400 2355 4474 661,1.

881 4496 1017 4561 Tali
1071 4498 1170 4561 via
1230 4516 1352 4561 non
1418 4516 1655 4578 paucae
1712 4499 2114 4569 imitationes,
2161 4518 2317 4579 quas
2365 4498 2795 4579 deprehensas
2839 4499 2960 4562 iam
3011 4499 3196 4562 iacta·

670 4599 914 4675 bamus,
961 4617 996 4661 e
1043 4600 1334 4663 manibus
1379 4598 1663 4677 effluunt,
1708 4601 1942 4680 quique
1986 4599 2136 4663 talia
2180 4607 2404 4680 captat,
2450 4619 2529 4664 ne
2575 4602 2692 4664 reti
2723 4600 2939 4664 subtili
2969 4620 3194 4681 aquam

675 4699 938 4778 hauriat,
985 4701 1337 4765 timendum
1386 4709 1515 4779 est3
1561 4704 1760 4767 cautis
1804 4702 2149 4783 prodeatur
2191 4703 2460 4783 pedibus
2501 4722 2763 4767 necesse
2793 4711 2907 4781 est,
2938 4721 3018 4766 ne
3046 4701 3198 4766 furti

670 4821 820 4867 reus
870 4809 1093 4884 agatur
1147 4805 1219 4882 is,
1271 4805 1371 4868 cui
1427 4802 1642 4885 fruges
1686 4803 1854 4867 ultro
1897 4813 2322 4869 accreverunt.
2413 4806 2762 4887 Vergilium
2810 4807 2886 4869 A.
2929 4807 3020 4869 IV
3072 4807 3196 4869 386
