3663 5495
1469 439 1889 498 *11-

407 617 579 699 feres
633 617 979 682 derivatum
1051 619 1366 700 opinatur,
1421 622 1833 702 praetervidit
1886 621 2115 687 Ovidio
2170 620 2537 709 sollemnem
2596 620 2935 684 dictionem

419 717 588 780 haud
623 720 720 784 vel
749 744 866 783 non
895 723 1115 803 impurae
1150 722 1316 804 feres
1336 729 1521 803 (met.
1551 724 1620 787 II
1649 727 1776 788 474
1805 723 1969 789 VIII
2001 728 2153 801 2793
2191 727 2318 788 494
2354 723 2454 786 XI
2484 725 2610 788 207
2646 723 2779 786 XII
2810 727 2943 789 265

423 820 579 886 XIV
611 826 736 889 383
764 821 804 890 f.
836 823 928 889 IV
966 826 1146 906 595);
1206 824 1370 904 epici
1416 843 1564 889 vero
1609 825 1705 889 IX
1749 828 1874 890 803
1919 825 2087 887 Ιιιιιιιί
2127 826 2349 908 inpmw
2379 826 2538 908 feris
2582 830 2717 889 toto
2762 824 2938 890 caelo

418 922 623 999 distat.
711 926 845 990 Nec
890 927 1100 990 minus
1141 933 1327 1004 erret,
1374 928 1482 1008 qui
1515 927 1698 992 Statii
1735 927 1849 992 Th.
1900 928 2000 991 XI
2032 929 2154 990 240
2188 938 2411 1009 portae
2450 930 2695 990 statione
2737 928 2942 991 relicta

415 1043 490 1091 ex
537 1027 767 1092 Ovidio
823 1033 900 1092 tr.
943 1029 1011 1092 ΙΙ
1055 1031 1178 1092 219
1239 1028 1522 1105 deducit3
1585 1030 1804 1095 debuit
1856 1049 1932 1094 ex
1978 1032 2165 1110 Verg.
2210 1031 2283 1093 A.
2329 1030 2429 1093 IX
2475 1033 2617 1094 222.
2720 1028 2944 1094 Claud·

417 1127 572 1192 Mar.
628 1129 784 1193 Vict.
847 1129 1052 1195 Aleth.
1100 1130 1205 1193 III
1249 1133 1376 1194 438
1415 1137 1610 1214 fessos
1668 1133 1857 1194 dulces
1912 1155 2097 1215 sopor
2150 1133 2359 1214 allique
2410 1144 2577 1195 artus
2642 1137 2941 1214 quattuor

416 1230 608 1294 verba
659 1231 892 1295 Valerii
934 1233 966 1296 I
1009 1231 1093 1296 48
1153 1233 1407 1314 repetit:
1461 1255 1626 1296 seras
1655 1237 1851 1316 fessos
1892 1257 2075 1316 sopor
2118 1235 2326 1318 alliyat
2366 1246 2565 1314 artus3
2626 1235 2743 1300 sed
2788 1253 2936 1300 cum.

415 1330 603 1396 huius
669 1335 974 1398 memoria
1041 1335 1507 1415 posterioribus
1572 1338 1967 1418 temporibus
2045 1336 2428 1402 obsoleverit
2497 1356 2705 1420 neque
2769 1339 2942 1418 apud

417 1431 752 1498 Claudium
796 1435 993 1500 altero
1060 1436 1199 1500 loco
1257 1443 1543 1516 novetur,
1596 1436 1772 1503 illum
1829 1457 2084 1504 versum
2152 1441 2389 1504 rectius
2450 1439 2803 1508 referemus
2860 1445 2941 1510 ad

415 1536 761 1618 Vergilium
812 1557 870 1619 g.
925 1538 1018 1603 IV
1071 1541 1190 1603 190
1243 1540 1544 1624 fessosque
1595 1564 1777 1622 sopor
1831 1565 1973 1606 suus
2022 1556 2269 1624 occupat
2322 1555 2489 1606 artu-s
2540 1548 2615 1608 A.
2663 1545 2766 1609 III
2813 1551 2936 1612 511

405 1637 595 1721 fessos
637 1663 818 1721 sopor
870 1643 1083 1723 iwiqat
1127 1653 1312 1724 artus,
1366 1641 1476 1706 cfr.
1521 1643 1874 1709 Germanic.
1919 1645 2094 1709 Arat.
2140 1647 2264 1708 294
2322 1645 2532 1727 alliyat
2582 1659 2753 1709 artua
2798 1648 2941 1713 Seu.

411 1740 544 1805 HF.
591 1747 754 1808 1079
787 1743 940 1810 Oed.
978 1748 1098 1808 182
1123 1743 1271 1807 ΗΟ.
1310 1749 1493 1810 1413.
1581 1743 1817 1811 Lucani
1858 1765 2081 1812 versus
2116 1747 2168 1814 ,V
2206 1751 2287 1810 74
2330 1747 2603 1830 referunt
2645 1752 2941 1814 trieterica

413 1843 688 1908 Bacchae
740 1865 868 1911 non
910 1846 1034 1911 filis
1079 1845 1461 1927 Vergilianis
1507 1847 1610 1932 (A.
1655 1849 1746 1914 IV
1789 1852 1915 1915 302
1958 1851 2263 1912 stimulant
2304 1853 2601 1913 trieterica
2646 1852 2937 1934 Baccho),

413 1947 522 2010 sed
580 1947 904 2014 Ovidianis
979 1951 1160 2034 (rem.
1237 1967 1359 2013 am.
1428 1954 1554 2016 593
1622 1951 1887 2034 referens
1938 1954 2231 2015 trieterica
2285 1951 2554 2028 Baccho)
2610 1960 2942 2021 contextus

410 2058 524 2128 est,
581 2051 688 2116 cfr.
732 2060 876 2116 met.
926 2053 1013 2117 VI
1059 2056 1182 2117 587
1231 2045 1482 2116 Val.'11
1526 2056 1650 2118 623
1699 2056 1941 2118 Auson.
1995 2053 2197 2135 griph.
2242 2058 2325 2120 35
2371 2074 2429 2136 p.
2461 2058 2587 2121 202
2619 2056 2687 2123 Ρ.
2734 2058 2942 2139 (aliter

411 2153 528 2218 ov.
571 2163 716 2219 met.
741 2155 840 2219 IX
872 2159 996 2222 642
1029 2154 1069 2218 f.
1116 2155 1149 2218 Ι
1183 2157 1306 2220 393
1357 2154 1510 2219 Stat.
1553 2153 1707 2220 Ach.
1753 2155 1786 2218 Ι
1833 2159 1957 2222 595
2004 2155 2220 2220 Claud.
2266 2162 2427 2237 rapt.
2469 2156 2647 2222 Pros.
2695 2158 2763 2222 II
2808 2161 2942 2244 67).

412 2255 590 2321 Statii
635 2258 746 2321 Th.
792 2259 824 2322 I
867 2260 992 2322 466
1063 2280 1226 2320 mens
1289 2259 1403 2320 sibi
1443 2261 1670 2322 conscia
1708 2259 1838 2341 fati
1888 2265 1954 2321 et
2010 2259 2191 2323 Luer.
2238 2258 2341 2322 III
2390 2261 2555 2324 1016
2609 2284 2773 2324 mens
2830 2264 2943 2326 sibi

406 2361 634 2421 conscia
668 2359 851 2442 factis
892 2377 1021 2422 non
1065 2357 1212 2439 plus
1261 2357 1510 2424 duabus
1553 2359 1783 2424 litteris
1829 2361 2191 2439 dissonant3
2238 2366 2453 2425 tamen
2498 2369 2687 2443 poeta
2717 2366 2936 2446 epicus

412 2479 540 2524 non
601 2463 682 2526 ad
734 2461 1090 2543 philosophi
1159 2461 1388 2525 scrinia
1448 2461 1748 2543 confugit,
1807 2464 1923 2528 sed
1976 2465 2057 2528 ad
2112 2463 2392 2545 Vergilii,
2447 2465 2553 2530 cfr.
2609 2468 2687 2530 A.
2733 2468 2766 2531 I
2812 2471 2939 2534 604

411 2587 572 2628 mens
611 2568 726 2628 sibi
765 2568 994 2629 conscia
1035 2567 1198 2639 recti,
1246 2565 1417 2645 quod
1461 2571 1666 2630 totum
1715 2567 2168 2648 transsumpsit
2214 2566 2472 2649 Coripp.
2516 2568 2672 2634 Iust.
2720 2571 2752 2634 I
2792 2576 2939 2650 245,

412 2685 554 2731 cum
588 2668 800 2732 Ovidii
843 2667 1124 2732 clausula
1167 2669 1395 2730 conscia
1424 2668 1636 2751 culpae
1680 2669 1855 2753 (met.
1886 2670 1954 2733 ΙΙ
1986 2672 2109 2734 593
2149 2671 2277 2735 her.
2314 2671 2440 2735 VII
2475 2674 2615 2751 191,
2661 2671 2768 2737 cfr.
2805 2674 2941 2739 Val.

411 2770 504 2836 IV
547 2774 700 2856 356)
745 2771 1028 2836 confudit
1080 2771 1306 2835 Alcim.
1355 2772 1522 2837 Avit.
1559 2790 1610 2836 c,
1655 2770 1723 2837 II
1769 2777 1895 2839 275
1938 2796 2102 2836 meus
2143 2775 2259 2836 sibi
2300 2777 2531 2837 conscia
2574 2777 2817 2857 culpae;
2863 2796 2943 2842 ex

411 2873 703 2945 Lucretio
745 2874 1014 2939 fortasse
1053 2874 1321 2939 Ovidius
1367 2880 1513 2937 met.
1550 2875 1714 2939 VIII
1761 2878 1882 2939 531
1942 2900 2155 2939 manus
2199 2878 2325 2939 diri
2364 2878 2478 2939 sibi
2516 2881 2747 2941 conseia
2784 2882 2944 2963 facti

414 2976 755 3054 descendit,
809 2996 882 3041 ex
935 2983 1204 3058 utroque
1263 2976 1402 3039 IuV.
1447 2976 1619 3041 XIII
1664 2981 1784 3041 193
1830 2998 1939 3059 sq..
2029 2978 2134 3043 Sil.
2183 2979 2376 3043 XVII
2422 2982 2505 3043 88
2578 2992 2774 3043 castra
2834 2983 2945 3046 leci

411 3080 642 3143 calamo
686 3102 991 3165 cannaque
1034 3082 1244 3142 intecta
1279 3078 1360 3159 (?)
1383 3075 1649 3159 palustri
1690 3085 1903 3144 utrum
1935 3086 2145 3145 ortum
2177 3081 2426 3145 duxerit
2454 3099 2529 3145 ex
2562 3081 2709 3146 Luc·
2730 3084 2782 3148 V
2812 3088 2931 3150 517

414 3184 623 3245 domus
653 3232 667 3247 .
699 3232 713 3247 .
747 3185 934 3247 sterili
973 3185 1144 3245 iunco
1190 3202 1496 3264 cannaque
1539 3183 1758 3243 inteaeta
1799 3182 2065 3262 palustri
2104 3200 2184 3245 an
2216 3199 2291 3245 ex
2316 3182 2432 3247 Ov.
2454 3190 2599 3247 met.
2627 3184 2788 3249 VIII
2810 3190 2939 3255 630

413 3288 674 3367 (domus)
718 3288 952 3369 stipulis
994 3298 1046 3349 et
1089 3306 1286 3347 carena
1329 3294 1476 3346 tecta
1509 3284 1800 3365 palustri,
1842 3283 1909 3347 in
1954 3282 2148 3347 dubio
2193 3301 2387 3365 pono;
2447 3284 2677 3351 Aviani
2721 3295 2935 3355 autem

411 3386 533 3453 fab.
581 3392 766 3467 38,1O
807 3389 1056 3453 humida
1107 3390 1230 3451 lina
1285 3386 1544 3463 trahant,
1599 3386 1887 3451 Aratoris
1932 3386 1966 3450 Ῑ
2010 3388 2133 3451 993
2196 3380 2446 3451 Humida
2498 3390 2623 3451 lina
2680 3391 2935 3471 trahem,

412 3491 680 3555 Ausonii
725 3492 880 3556 MOS.
923 3496 1047 3557 243
1092 3490 1330 3553 trahem
1371 3488 1672 3551 humentia
1714 3489 1839 3551 lina
1883 3507 2011 3553 non
2066 3488 2405 3553 cohaerent
2448 3489 2572 3555 nisi
2616 3508 2730 3572 per
2778 3494 2934 3560 Ver-

416 3590 632 3670 gilium
667 3612 723 3672 g.
753 3594 786 3656 Ι
822 3596 939 3657 142
971 3593 1152 3654 trahit
1193 3591 1441 3653 humida
1486 3592 1628 3654 lina.
1714 3591 1939 3672 Itaque
1975 3592 2261 3672 quisquis
2298 3593 2654 3659 examinare
2705 3597 2937 3679 studet,

415 3692 586 3773 quali
645 3694 1016 3757 auctoritate
1069 3693 1230 3757 alter
1282 3692 1467 3757 alteri
1521 3691 1730 3771 fuerit,
1803 3694 1862 3757 ei
1916 3695 1982 3759 in
2040 3692 2310 3775 singulis
2364 3694 2779 3774 scriptoribus
2837 3718 2938 3765 ac-

417 3796 738 3875 quiescere
783 3814 908 3859 non
954 3778 1118 3874 licet,
1163 3793 1277 3857 sed
1321 3811 1402 3856 ne
1444 3791 1606 3858 falso
1649 3794 1891 3859 lumine
1944 3796 2161 3860 oculos
2217 3795 2660 3877 praestringat,
2714 3816 2939 3867 omnes

417 3903 527 3962 aut
570 3903 740 3961 certe
790 3897 1016 3962 aetatis
1068 3913 1298 3961 aureae
1352 3902 1416 3960 et
1459 3903 1796 3976 argenteae
1848 3904 2142 3963 auctores
2196 3904 2521 3977 tamquam
2582 3915 2829 3981 ungues
2874 3911 2937 3969 et

417 4000 650 4081 digitos
705 4018 856 4065 suos
907 4005 1127 4065 noscat
1180 4015 1345 4079 opus
1399 4004 1514 4062 est.
1603 3999 1746 4075 Quo
1798 4000 1866 4064 in
1920 3999 2138 4064 labore
2196 3998 2294 4063 vel
2346 3996 2749 4069 firmissimae
2808 4022 2938 4073 me-

415 4104 656 4168 moriae
684 4102 998 4167 hominem
1033 4100 1388 4183 permultos
1419 4100 1594 4165 locos
1623 4100 1845 4183 fugere
1874 4120 2017 4167 cum
2050 4106 2544 4167 consentaneum
2576 4104 2675 4183 sit,
2706 4124 2938 4189 magno

413 4204 643 4285 plausu
687 4205 1114 4287 prosequendi
1158 4210 1324 4282 sunt,
1370 4204 1479 4284 qui
1523 4204 1656 4268 suis
1707 4205 2091 4269 editionibus
2135 4210 2427 4269 auctores
2480 4212 2547 4269 et
2588 4206 2939 4281 imitatores

413 4314 863 4390 apposuerunt.
980 4306 1166 4384 Quod
1233 4305 1298 4368 in
1367 4305 1782 4386 scriptoribus
1871 4306 2308 4372 ecclesiasticis
2388 4312 2452 4371 et
2512 4316 2941 4384 monumentis

417 4412 797 4476 Germaniae
837 4411 972 4475 fere
1010 4409 1471 4491 praescriptum
1503 4407 1674 4472 haud
1716 4408 1804 4473 ita
1840 4426 2029 4491 saepe
2074 4408 2137 4474 in
2182 4408 2279 4487 iis,
2309 4408 2418 4491 qui
2448 4419 2752 4481 vocantur
2782 4416 2941 4485 clas-

415 4514 545 4592 sici,
586 4513 819 4579 factum
868 4522 982 4580 est.
1069 4513 1233 4577 Nam
1267 4508 1711 4575 Woldemarus
1753 4510 2053 4591 Ribbeck,
2098 4512 2205 4594 qui
2234 4510 2445 4579 fratris
2492 4514 2753 4585 editioni
2789 4520 2939 4589 Ver-

415 4618 684 4699 gilianas
735 4618 931 4698 priori
983 4617 1174 4683 talem
1232 4612 1562 4681 elenchum
1616 4612 1918 4692 adiunxit,
1964 4615 2145 4697 operi
2188 4632 2316 4681 non
2371 4615 2676 4685 satisfecit
2729 4639 2934 4709 nequo

412 4726 566 4785 tunc
623 4719 985 4786 satisfacere
1038 4722 1275 4803 potuit3
1329 4721 1560 4787 melius
1617 4722 1742 4785 iam
1799 4738 2064 4786 munere
2108 4718 2307 4785 functi
2352 4726 2518 4799 sunt,
2580 4728 2649 4789 ut
2700 4744 2939 4809 paucos

413 4826 754 4903 nominem,
795 4824 1011 4889 Keller
1055 4828 1120 4891 in
1167 4826 1454 4903 Horati0‚
1502 4824 1796 4891 Sudhaus
1842 4824 1906 4889 in
1940 4824 2164 4901 Aetna,
2210 4821 2621 4889 Friedlttncler
2667 4817 2737 4893 in'
2771 4830 2937 4901 Mar.
