3663 5495
1724 453 2148 518 -10.-

670 635 1034 715 contingere
1096 635 1279 699 claris
1352 637 1603 700 indiciis
1656 636 2036 718 patefactum
2103 646 2216 715 est,
2283 643 2495 703 tamen
2551 642 2837 720 quaestio
2895 642 3195 717 exoritur,

669 741 882 800 utrum
925 754 1147 801 revera
1188 737 1315 817 ille,
1368 739 1475 820 qui
1532 739 1912 803 subsecutus
1965 744 2079 816 est,
2141 741 2222 804 ad
2275 740 2535 806 alterius
2587 742 2947 824 exemplum
3003 744 3202 808 verba

668 839 929 920 elegerit
972 858 1050 904 an
1096 857 1173 902 ex
1218 842 1539 905 communi
1584 840 1761 906 fonte
1804 849 2149 907 concentus
2195 844 2490 926 explicari
2533 845 2754 926 possit.
2847 845 2987 922 Qua
3028 846 3092 910 in
3125 865 3196 910 re

669 943 939 1006 maxime
982 942 1043 1005 ei
1081 948 1359 1022 peccant,
1404 945 1513 1024 qui
1575 963 1717 1009 cum
1773 964 1898 1026 qua
1952 947 2198 1012 ratione
2255 945 2414 1008 alter
2472 944 2738 1010 alterum
2799 947 3202 1027 expresserit,

670 1044 891 1109 sedulo
955 1045 1321 1124 disquiram,
1387 1045 1675 1125 aliorum,
1736 1049 1843 1129 qui
1902 1053 1966 1112 et
2021 1048 2168 1112 huic
2221 1053 2285 1111 et
2335 1047 2426 1111 illi
2489 1047 2920 1126 innotuerunt,
2982 1067 3192 1113 curam

668 1148 963 1226 abiciunt,
1008 1148 1116 1229 qui
1164 1146 1385 1212 Silium
1434 1155 1873 1230 comparantes
1919 1168 2059 1214 cum
2105 1151 2375 1228 Lucano,
2422 1150 2709 1215 Iliadem¹
2745 1151 3005 1216 latinam
3051 1171 3193 1215 cum

671 1249 843 1326 Silio,
919 1248 1333 1313 Claudianum
1410 1268 1553 1314 cum
1629 1251 1846 1328 static,
1925 1251 2231 1315 Rutilium
2311 1270 2454 1316 cum
2512 1251 2798 1315 Ausonio
2845 1252 3201 1334 Vergilium

671 1351 1049 1416 Ovidiumve
1092 1370 1218 1414 non
1260 1353 1596 1417 attendunt
1626 1371 1742 1418 nec
1770 1355 2188 1434 interrogant3
2236 1372 2350 1418 nec
2382 1354 2593 1417 minus
2623 1353 2872 1434 culpam
2913 1354 3202 1418 inscitiae

668 1463 778 1519 aut
826 1455 1151 1518 socordiae
1202 1455 1289 1517 in·
1324 1473 1393 1518 se
1446 1456 1805 1534 admittunt,
1867 1458 1977 1536 qui
2064 1463 2134 1521 ut
2219 1455 2426 1520 fontes
2497 1455 2814 1536 detegant,
2871 1457 3204 1520 Mantuani

668 1565 733 1623 et
777 1558 1214 1623 Sulmonensis
1258 1557 1453 1622 libros
1499 1559 1769 1640 impigre
1813 1559 2132 1636 evolvunt,
2178 1560 2518 1641 scriptores
2550 1559 2714 1622 inter
2743 1558 2861 1622 hos
2907 1565 2968 1622 et
2999 1559 3201 1638 illum,

669 1680 856 1744 quem
924 1666 1297 1725 sectatorem
1358 1666 1603 1741 putant,
1667 1663 2133 1726 intercedentes
2199 1660 2538 1725 festinante
2610 1661 2773 1742 pede
2849 1667 3205 1726 transeunt.

669 1765 793 1829 Hic
848 1782 1101 1845 quoque
1156 1782 1229 1827 ex
1286 1765 1679 1828 nostratibus
1724 1765 2081 1846 exemplum
2151 1765 2526 1829 subnectere
2583 1764 2889 1844 expediet.
2955 1764 3201 1829 Goethe

668 1886 809 1932 cum
858 1871 1235 1947 pervagatos
1288 1865 1430 1930 illos
1481 1885 1703 1931 versus
1758 1867 1942 1931 dictis
2002 1868 2135 1930 suis
2189 1866 2466 1930 metricis
2511 1867 2848 1930 insereret:
2915 1867 3080 1929 Alles
3141 1869 3222 1963 in·

669 1973 775 2034 der
842 1969 985 2031 Welt
1028 1971 1169 2031 lei-ast
1212 1969 1333 2031 siclt
1375 1981 1670 2049 ertrayem
1728 1969 1867 2030 Nur
1909 1970 2066 2031 wicht
2113 1971 2237 2032 eine
2279 1970 2468 2032 Reilze
2522 1993 2634 2031 von
2676 1970 2922 2032 schc'inen
2985 1970 3204 2051 Tayen,

668 2091 795 2137 non
851 2072 1145 2136 Kortumi
1198 2089 1470 2149 carmen,
1529 2072 1630 2135 cui
1688 2090 1918 2135 nomen
1991 2079 2090 2136 est
2142 2072 2443 2149 Jobsiade,
2507 2071 2815 2153 expilasse
2879 2073 3206 2154 putandus

669 2185 787 2256 est,
832 2176 940 2239 ubi
985 2176 1181 2252 124,4
1224 2176 1571 2256 antiquum,
1603 2182 1675 2238 ut
1718 2175 1821 2252 ait,
1867 2175 2275 2256 proverbium
2321 2174 2410 2238 ita
2451 2175 2760 2239 redditur:
2825 2175 3012 2237 Wevm
3040 2177 3202 2238 einer

666 2280 777 2342 soll
814 2281 1043 2342 Ico‘nnen
1086 2289 1293 2360 trayen
1337 2279 1499 2340 Eine
1546 2276 1704 2340 Lei-st
1757 2301 1868 2340 von
1915 2279 2106 2340 [auter
2145 2290 2318 2360 φάρη
2373 2277 2592 2358 Taqen,
2639 2277 2722 2338 So
2775 2299 2935 2338 ‘musa
2989 2301 3053 2340 er
3095 2279 3208 2340 mit

666 2382 804 2443 celer
843 2383 1101 2442 starkem
1146 2379 1366 2445 Gebein
1441 2381 1565 2442 'Von
1626 2381 1735 2442 der
1780 2379 1990 2442 Natur
2035 2380 2302 2442 ver-sehon
2345 2381 2486 2458 sein,
2545 2395 2662 2441 nec
2721 2378 2887 2442 Guil.
2935 2377 3208 2442 Mueller

672 2483 1092 2548 Goethianum
1135 2502 1318 2546 suum
1358 2482 1507 2547 fecit
1537 2483 1758 2564 paucis
1795 2483 2016 2546 lustris
2060 2491 2204 2564 post
2251 2499 2395 2545 eum
2437 2481 2607 2544 edito
2643 2481 2944 2545 carmine:
2991 2480 3209 2544 Nichta

669 2596 745 2656 ist
788 2589 922 2648 dem
962 2587 1278 2648 Mense-lien
1322 2609 1385 2648 so
1426 2585 1647 2647 schw‘er
1688 2609 1763 2648 zu
1806 2598 2034 2668 trayen,
2092 2586 2204 2647 Als
2247 2586 2372 2647 eine
2415 2583 2568 2646 Laat
2610 2605 2720 2645 von
2757 2594 2933 2664 yuten
2992 2584 3206 2667 Temen.

670 2690 768 2754 De
806 2707 1106 2771 germano
1149 2687 1353 2766 fonte,
1387 2695 1501 2751 aut
1532 2687 1809 2753 Luthero
1853 2693 1963 2753 aut
2007 2686 2321 2769 Agricola,
2358 2687 2458 2751 vd.
2509 2687 2583 2752 G.
2628 2685 3036 2751 Buechmann
3084 2687 3208 2752 Ge-

666 2792 905 2872 fhzqelte
972 2791 1217 2853 Worte²¹
1266 2792 1485 2873 (1903)
1528 2809 1587 2870 p.
1638 2793 1776 2854 191.

886 2894 990 2959 Sic
1034 2899 1104 2957 ut
1147 2894 1229 2957 ad
1282 2894 1579 2975 antiquos
1644 2894 1999 2970 redeamus,
2067 2892 2338 2957 fortasse
2402 2898 2605 2969 erunt,
2671 2891 2904 2972 quibus
2969 2891 3203 2956 Lucani

670 3015 893 3061 Versus
936 2996 970 3059 I
1011 3000 1139 3062 246
1191 2997 1497 3076 (ἰενίῃιιενε
1554 3007 1730 3071 metu,
1782 2997 2008 3077 yelidos
2059 3020 2262 3077 pauor
2313 3008 2560 3077 occupat
2613 3008 2780 3057 artus
2832 3001 3017 3059 cento
3068 2993 3207 3059 fere

670 3098 958 3161 videatur
1026 3097 1375 3162 Ovidianus
1452 3104 1754 3161 consutus
1823 3117 1898 3161 ex
1959 3104 2102 3164 met.
2181 3097 2308 3162 VII
2371 3100 2516 3163 115-
2560 3099 2864 3180 dev-zyma
2919 3108 3077 3158 metu
3142 3103 3210 3160 et

670 3200 773 3264 III
838 3201 921 3263 40
996 3202 1268 3261 attonitos
1344 3202 1569 3262 subitus
1645 3212 1866 3262 tremor
1959 3211 2206 3281 occupat
2297 3211 2478 3273 artua,
2568 3205 2633 3263 at
2714 3199 2980 3264 meliore
3061 3202 3205 3263 iure

670 3302 1015 3383 Vergilium
1066 3302 1289 3365 ducem
1338 3307 1403 3365 et
1448 3302 1662 3366 Ovidii
1718 3310 1783 3365 et
1827 3302 2063 3366 Lucani
2107 3301 2592 3382 proclamarent,
2649 3303 2747 3367 vd.
2793 3303 2870 3365 A.
2918 3303 3046 3367 VII
3075 3306 3207 3367 446

666 3407 890 3467 subitus
932 3392 1151 3467 trernor
1202 3416 1451 3485 occupat
1495 3416 1679 3482 artu-3,
1726 3406 2034 3485 deriquere
2073 3405 2244 3478 oculi,
2292 3423 2366 3467 ex
2413 3422 2538 3484 quo
2582 3404 2722 3468 loco
2782 3412 2846 3468 et
2891 3405 3206 3469 similibus

671 3509 770 3572 XI
815 3512 940 3573 424
983 3518 1204 3569 tremor
1258 3519 1507 3587 occupat
1566 3520 1733 3569 artus
1798 3524 1854 3586 g.
1903 3507 1994 3571 IV
2047 3509 2166 3570 190
2197 3508 2506 3590 fessosque
2548 3530 2729 3588 sopor
2772 3530 2914 3569 auus
2953 3519 3205 3589 occupat

671 3622 839 3673 artus
882 3613 1238 3684 manarunt,
1283 3608 1603 3673 interdum
1650 3628 1765 3691 per
1795 3611 2115 3690 ambageS,
2168 3617 2420 3691 praeter
2471 3610 2614 3673 illos
2660 3609 2776 3673 Ov.
2822 3615 2968 3673 met.
3013 3610 3045 3673 I
3078 3613 3204 3674 548

670 3713 726 3777 V
774 3716 899 3778 632
946 3712 1298 3776 Germanic.
1346 3713 1517 3775 Arat.
1563 3716 1690 3777 294
1720 3714 1858 3779 Val.
1891 3713 1981 3777 IV
2016 3718 2142 3777 664
2190 3712 2296 3775 Sil.
2329 3711 2420 3775 VI
2451 3714 2575 3775 409
2609 3712 2759 3777 Stat.
2790 3712 2946 3776 Ach.
2978 3713 3010 3775 Ι
3044 3715 3202 3790 93ος

671 3815 771 3879 vd.
814 3816 998 3878 etiam
1046 3813 1234 3895 paulo
1280 3813 1458 3877 infra.
1545 3815 1747 3887 Iidem
1794 3817 1849 3879 si
1893 3816 2063 3897 apud
2101 3815 2370 3880 Statium
2414 3832 2460 3877 s.
2493 3814 2585 3879 IV
2615 3818 2762 3890 4,49
2801 3815 2926 3898 sim-t
2969 3818 3208 3878 animus

669 3918 1009 3998 reperiunt,
1056 3935 1373 3980 memores
1403 3919 1726 3997 temporis,
1759 3938 1885 3999 quo
1919 3919 2216 3984 Ovidium
2249 3918 2315 3981 in
2349 3916 2562 3981 schola
2589 3918 2802 3997 legere
2847 3923 3204 3999 coeperant,

671 4018 970 4083 silvarum
1016 4024 1266 4100 poetam
1316 4019 1913 4099 metamorphoseon
1961 4020 2314 4084 auditorem
2377 4021 2787 4101 pronuntiare
2833 4026 3205 4102 properant;

670 4130 737 4186 at
801 4123 1033 4185 debere
1097 4122 1303 4201 potuit
1353 4121 1460 4185 ille
1512 4123 1764 4187 Lucano
1835 4124 1867 4187 I
1919 4128 2020 4201 67,
2087 4124 2188 4187 cui
2257 4128 2327 4186 ut
2399 4123 2614 4203 epicus
2687 4124 2865 4203 epico
2926 4128 2990 4187 et
3047 4124 3206 4187 alias

671 4232 735 4288 et
778 4223 877 4287 hic
930 4223 1150 4287 eodem
1208 4241 1431 4287 versus
1492 4223 1631 4288 loco
1677 4226 1941 4305 propius
1998 4226 2224 4301 adstat,
2283 4226 2490 4305 potuit
2553 4226 2692 4290 aliis
2747 4232 2858 4290 aut
2923 4226 3202 4290 sermoni

671 4326 1005 4403 cotidiano,
1052 4326 1148 4390 vd.
1195 4325 1359 4389 infra
1402 4345 1461 4407 p.
1508 4330 1607 4390 22.
1695 4327 1858 4390 Item
1907 4327 2016 4407 qui
2059 4344 2132 4389 ex
2182 4325 2315 4389 Silii
2363 4327 2532 4391 XIII
2571 4331 2694 4393 623
2741 4350 2774 4390 o
2818 4329 3025 4409 maqni
3059 4327 3206 4389 mihi

669 4433 928 4493 numinis
970 4432 1159 4492 instar
1204 4436 1268 4492 et
1297 4429 1480 4493 Mart.
1518 4429 1642 4495 VII
1680 4432 1857 4506 12,11
1905 4431 2112 4510 maqm‘
2151 4428 2302 4491 mihi
2346 4431 2604 4491 numinis
2648 4431 2839 4491 instar
2883 4436 3085 4494 artam
3133 4414 3207 4493 ut

670 4534 734 4597 in
776 4528 903 4596 vita
949 4533 1039 4596 sic
1082 4534 1145 4596 in
1191 4528 1371 4613 poesi
1423 4534 1959 4598 necessitudinem
2019 4533 2183 4595 inter
2244 4532 2488 4611 epicum
2551 4537 2614 4595 et
2671 4532 3202 4613 epigrammatum

670 4637 1041 4718 scriptorem
1087 4634 1311 4699 elicere
1341 4635 1492 4711 vult,
1532 4635 1725 4700 debili
1754 4636 1977 4699 nititur
2006 4633 2436 4710 fundamentO,
2483 4652 2622 4697 cum
2655 4638 2922 4714 uterque
2950 4634 3206 4699 haurire

670 4739 949 4822 potuerit
1000 4757 1074 4801 ex
1130 4739 1361 4804 Ovidio
1420 4758 1538 4803 am.
1586 4738 1689 4801 ΙΙΙ
1740 4742 1943 4815 11,47,
1999 4736 2105 4804 cfr.
2151 4738 2296 4801 Luc.
2341 4737 2373 4799 Ι
2430 4738 2546 4799 199
2597 4736 2748 4801 Stat.
2794 4737 2906 4803 Th.
2951 4724 3013 4801 X
3061 4740 3205 4801 361.

672 4844 797 4921 Qui
856 4842 1090 4906 Lucani
1155 4842 1187 4904 Ι
1244 4846 1369 4909 289
1426 4844 1527 4903 vim
1586 4843 1809 4922 impune
1863 4841 2026 4924 feres
2083 4859 2156 4903 ex
2212 4838 2442 4904 Catulli
2489 4842 2628 4915 77‚9
2685 4840 2752 4901 id
2809 4862 2925 4901 non
2985 4843 3206 4921 i‘tzpum

3591 2624 3599 2634 ι

3637 2646 3654 2850 *Aah
