3663 5495
1752 469 2176 531 -12-

705 648 851 713 tiale
895 655 958 713 et
1023 651 1339 728 Iuvenale,
1389 650 1667 716 Vollmer
1712 659 1777 716 et
1822 653 2008 716 Klotz
2063 652 2128 717 in
2177 653 2378 717 Statio
2431 653 2827 731 adnotandiS,
2897 654 3223 734 multaque

704 750 767 814 in
814 753 1282 818 commentariis
1324 752 1513 818 allata
1556 760 1723 819 sunt.

916 853 1163 931 Quibus
1208 855 1433 919 studiis
1479 861 1548 920 ut
1588 874 1704 937 pro
1748 874 1892 919 mea
1935 862 2114 937 parte
2143 856 2491 938 symbolam
2523 855 2860 933 conferam,
2905 856 3224 937 specimen

713 965 937 1035 poetae
981 955 1215 1022 heroici
1258 964 1403 1038 post
1445 959 1795 1040 Vergilium
1843 959 2113 1022 maxime
2171 958 2466 1022 celebrati
2510 959 2774 1040 prodeat
2817 960 2920 1037 ita,
2967 967 3038 1023 ut
3093 960 3231 1024 eius

706 1058 1033 1136 prooemio
1074 1060 1313 1124 similes
1335 1061 1508 1125 locos
1532 1061 1941 1127 subscribam.
2007 1061 2256 1126 Similes
2285 1060 2459 1125 locos
2491 1062 2648 1138 dico,
2678 1080 2800 1126 non
2833 1062 3232 1139 imitationeS,

704 1177 909 1240 neque
953 1172 1185 1235 metuo,
1230 1181 1311 1226 ne
1354 1164 1496 1244 quis
1526 1170 1673 1244 post
1698 1181 1791 1239 ea,
1837 1180 1998 1243 quae
2044 1181 2237 1243 supra
2272 1163 2552 1243 exposui,
2597 1182 2699 1227 me
2733 1165 3030 1230 omnibus
3074 1166 3230 1229 locis

704 1277 1008 1326 conexum
1054 1282 1307 1329 sumere
1349 1266 1515 1330 inter
1553 1265 1873 1329 Lucanum
1933 1270 1997 1328 et
2056 1265 2396 1345 scriptores
2453 1272 2850 1347 comparatos
2905 1269 3227 1348 opinetur3

703 1363 900 1429 immo
957 1367 1270 1446 permulta
1323 1367 1607 1449 exempla
1664 1368 1907 1431 adiecta
1961 1371 2126 1444 sunt,
2184 1385 2310 1432 non
2369 1373 2439 1430 ut
2492 1368 2814 1432 Lucanum
2880 1371 3228 1434 imitantem

702 1473 814 1532 aut
856 1486 1222 1549 expressum
1269 1470 1623 1550 proderem,
1677 1469 1790 1533 sed
1849 1474 1918 1532 ut
1969 1478 2472 1550 cognosceretur,
2528 1478 2917 1552 quantopere
2971 1471 3230 1534 eaedem

706 1571 1057 1636 sententiae
1082 1591 1353 1652 cumque
1384 1572 1713 1636 sententiis
1743 1572 1964 1634 eadem
1997 1573 2190 1636 verba
2217 1573 2388 1654 apud
2419 1571 2742 1636 Romanos
2774 1577 3228 1653 repeterentur.

708 1672 933 1754 Itaque
976 1692 1102 1738 non
1144 1674 1383 1738 similes
1427 1693 1725 1739 versuum
1772 1674 2087 1739 clausulas
2134 1681 2234 1746 (ut
2281 1681 2378 1752 14,
2422 1680 2524 1750 46,
2554 1680 2655 1752 51,
2691 1679 2792 1752 84,
2825 1678 2925 1751 87,
2957 1678 3057 1750 95,
3092 1676 3233 1748 126,

710 1781 848 1853 154,
885 1779 1023 1854 180,
1060 1779 1209 1859 182)
1250 1784 1359 1842 aut
1401 1777 1579 1841 initia
1618 1781 1712 1854 (ut
1752 1780 1809 1854 8,
1857 1779 1955 1851 60,
1988 1781 2089 1854 61,
2128 1780 2269 1853 110,
2312 1783 2450 1853 145,
2495 1781 2641 1852 173)
2678 1775 3073 1858 praetermisi
3118 1792 3234 1838 nec

706 1877 935 1943 multas
974 1897 1101 1942 non
1146 1878 1544 1954 imitationeS,
1589 1879 1701 1943 sed
1746 1877 2052 1944 formulas
2096 1879 2194 1943 vel
2239 1897 2342 1943 res
2387 1885 2810 1960 congruentes
2879 1885 2951 1942 ut
3000 1881 3093 1951 18,
3128 1881 3229 1953 21,

707 1981 807 2056 23,
852 1984 955 2058 58,
985 1983 1087 2057 60,
1129 1985 1231 2058 64,
1265 1984 1363 2057 72,
1394 1985 1492 2058 74,
1540 1986 1637 2058 75,
1682 1985 1781 2057 81,
1827 1985 1928 2058 82,
1971 1985 2050 2046 91
2091 1986 2248 2056 etc).
2321 1980 2433 2045 Sat
2461 1981 2662 2046 multa
2690 2000 2843 2046 sane
2875 1986 3233 2060 supersunt,

705 2081 935 2162 quibus
973 2082 1230 2160 eluceat,
1272 2089 1661 2164 quantopere
1689 2083 1972 2164 priorum
2019 2084 2397 2164 scriptorum
2442 2083 2724 2164 vestigiis
2753 2083 3046 2147 Lucanus
3094 2084 3226 2146 sive

706 2183 919 2249 dedita
984 2203 1176 2266 opera
1232 2187 1365 2249 sive
1437 2185 1676 2250 inscius
1726 2186 1992 2264 insistat,
2060 2204 2176 2250 nec
2233 2186 2464 2266 minus,
2525 2193 2683 2267 quot
2733 2184 2921 2249 flores
2980 2187 3043 2248 in
3099 2185 3234 2248 eius

705 2285 957 2351 hortulo
1002 2288 1132 2351 nati
1176 2307 1214 2351 a
1256 2287 1714 2369 posterioribus
1759 2288 2039 2369 decerpti
2082 2288 2222 2352 sint.

922 2391 1091 2454 Num
1136 2390 1218 2454 ad
1263 2391 1493 2455 Ennii
1528 2389 1774 2455 -fontem
1821 2381 1935 2454 ora
1979 2391 2349 2468 admoverit,
2394 2390 2658 2455 dubium
2699 2396 2824 2462 est·,
2867 2409 3011 2454 nam
3058 2390 3234 2456 locus

710 2492 790 2558 ad
837 2512 891 2556 v.
936 2497 975 2558 6
1035 2492 1263 2558 allatus
1315 2514 1536 2576 parum
1583 2492 1766 2566 valet,
1817 2494 1899 2557 ad
1945 2497 2028 2560 92
2070 2494 2135 2555 in
2179 2492 2587 2573 proverbium
2633 2497 2926 2556 cesserat.
3013 2492 3236 2572 Neque

709 2595 965 2660 maioris
1010 2598 1309 2677 ponderis
1354 2604 1521 2674 sunt,
1565 2614 1725 2677 quos
1768 2595 1928 2660 alios
1971 2597 2136 2672 novi,
2182 2602 2253 2659 ut
2293 2614 2438 2659 ann.
2483 2599 2611 2660 230
2639 2594 2712 2660 V.
2759 2605 3062 2677 vestraque
3099 2616 3236 2674 pec-

706 2709 839 2761 tora
882 2700 1089 2781 pellite
1131 2702 1311 2763 tonsis
1364 2698 1468 2767 cfr.
1515 2698 1618 2763 III
1664 2702 1789 2765 543
1845 2700 2023 2761 remis
2067 2709 2316 2779 pectora
2364 2697 2616 2780 pulsa-nt
2669 2694 2834 2779 (Val.
2878 2696 2910 2760 I
2957 2698 3080 2762 369
3128 2695 3236 2759 Sil.

709 2800 802 2863 XI
844 2804 1031 2879 48953
1084 2807 1205 2867 391
1259 2824 1415 2864 nuno
1464 2812 1545 2865 est
1586 2803 1685 2863 itte
1714 2798 1850 2863 'dies
1893 2799 2001 2863 cfr.
2045 2799 2173 2863 VII
2212 2803 2339 2865 254
2383 2799 2526 2861 haec
2565 2810 2647 2861 est
2687 2800 2795 2861 illa
2840 2800 2964 2861 dies
3007 2798 3129 2873 (Ov
3195 2795 3235 2863 f.

710 2903 799 2967 VI
849 2908 971 2971 713
1015 2904 1196 2968 Mart.
1240 2904 1367 2969 VII
1410 2908 1547 2981 21,1
1599 2902 1852 2984 Coripp.
1893 2901 2034 2967 Joh.
2086 2902 2174 2967 VI
2219 2906 2345 2966 556
2403 2901 2568 2966 Just.
2617 2900 2686 2964 II
2731 2904 2832 2975 98,
2886 2900 2985 2964 vd.
3043 2918 3235 2981 supra

707 3023 766 3085 p.
812 3008 890 3082 8).
979 3006 1074 3069 Ex
1126 3006 1335 3069 Ennio
1398 3011 1460 3070 et
1527 3005 1856 3070 Lucilium·
1890 3004 1965 3068 fr.
2015 3008 2176 3070 1323
2236 3011 2301 3067 et
2357 3004 2678 3067 Lucanum
2727 3002 2815 3066 VI
2865 3006 2987 3067 164
3040 3000 3235 3065 hemi-

711 3107 1003 3173 stichium
1050 3110 1315 3189 vicimus,
1358 3132 1391 3171 0
1434 3110 1579 3171 socii
1614 3109 1914 3189 petivisse
1960 3107 2134 3170 Marx
2178 3106 2349 3170 haud
2403 3106 2540 3169 sine
2597 3105 3038 3186 probabilitate
3091 3122 3235 3168 con·

710 3210 871 3287 iecit,
916 3229 1295 3292 quamquam
1337 3210 1489 3273 satis
1534 3212 1749 3274 tritum
1796 3216 1894 3274 est
1937 3208 2093 3272 illud
2136 3209 2378 3270 vicinius
2422 3209 2486 3271 in
2515 3208 2732 3271 limine
2763 3225 2984 3270 versus
3022 3206 3236 3286 (Prop.

710 3312 741 3375 I
784 3317 926 3389 8,28
984 3313 1101 3377 Ον.
1145 3333 1224 3377 111.
1270 3314 1362 3377 IV
1406 3318 1530 3379 356
1599 3314 1686 3378 VI
1730 3317 1855 3378 513
1918 3312 1975 3376 Χ
2018 3314 2144 3375 443
2203 3328 2324 3373 am.
2379 3310 2447 3374 II
2506 3314 2642 3387 12,2
2690 3310 2792 3373 III
2852 3313 3036 3391 11,5),
3079 3308 3236 3372 illud

709 3439 742 3479 ο
786 3418 927 3477 socii
971 3417 1249 3480 secundo
1293 3415 1433 3478 loco
1480 3416 1693 3494 (Verg.
1743 3414 1815 3478 A.
1863 3412 1965 3475 ΙΙΙ
2007 3415 2135 3478 560
2180 3412 2294 3477 Ον.
2347 3430 2426 3476 m.
2475 3412 2638 3476 XIII
2675 3416 2801 3478 226
2848 3413 2990 3476 Luc.
3023 3411 3054 3474 I
3087 3414 3235 3485 299)

709 3520 1005 3598 positum.
1074 3518 1219 3581 Alia
1262 3517 1363 3581 vd.
1407 3510 1799 3581 Fleckeiseni
1843 3534 1983 3579 ann.
2028 3520 2150 3580 145
2196 3517 2437 3598 (1892),
2483 3516 2608 3581 350
2651 3515 2790 3578 adn.
2833 3518 2931 3581 30.

920 3620 1363 3685 Lucretium
1409 3619 1608 3682 stoico
1651 3624 1878 3699 poetae
1918 3636 2045 3682 non
2096 3616 2468 3693 doctrinam,
2513 3621 2580 3680 at
2616 3616 2951 3680 dictionem
3001 3616 3236 3695 aliquo-

710 3723 873 3788 tiens
918 3724 1357 3788 commodasse
1414 3722 1632 3803 paucis
1676 3720 1983 3801 exemplis
2023 3719 2278 3800 probari
2323 3719 2601 3797 videtur;
2653 3738 2799 3783 nam
2855 3735 3234 3798 quamquam

710 3833 808 3890 sat
852 3828 1060 3890 tenuis
1109 3824 1501 3890 auctoritatis
1546 3830 1699 3887 sunt
1741 3823 1951 3887 collati
1993 3822 2174 3886 Lucr.
2219 3821 2252 3884 I
2301 3811 2422 3886 723
2481 3822 2750 3903 colliyere
2793 3823 2919 3883 iras
2972 3826 3035 3883 et
3088 3820 3233 3883 Luc.

711 3929 743 3992 I
791 3932 913 3995 207
958 3930 1175 4007 colliqz't
1216 3932 1375 3990 iram
1420 3927 1489 3990 II
1533 3930 1615 3993 93
1674 3927 1892 4008 colliqit
1933 3928 2060 3987 iras
2113 3925 2237 4003 (vd.
2284 3923 2419 3988 Val.
2474 3923 2599 3988 VII
2646 3927 2769 3989 335
2817 3922 2922 3989 Sil.
2970 3923 3060 3985 IX
3111 3926 3233 3987 477

671 4032 866 4096 .Stat.
900 4031 1011 4096 Th.
1057 4030 1188 4094 XII
1236 4034 1357 4096 759
1405 4030 1658 4111 Coripp.
1699 4028 1842 4093 Joh.
1887 4027 1955 4090 II
2000 4031 2158 4105 143),
2204 4027 2383 4089 Lucr.
2422 4026 2476 4088 V
2510 4028 2676 4091 1100
2719 4028 2912 4087 cibum
2945 4025 3240 4109 flammae

711 4136 941 4197 mollire
994 4156 1218 4215 vapore
1269 4140 1332 4196 et
1390 4133 1535 4196 Luc.
1582 4132 1672 4195 VI
1718 4135 1842 4195 114
1884 4131 2116 4193 mollire.
2149 4130 2416 4214 flamma
2473 4128 2612 4209 (sed
2666 4126 2774 4195 cfr.
2822 4127 2938 4193 ov.
2986 4145 3066 4188 m.
3118 4125 3235 4189 XV

713 4242 838 4315 78),
892 4242 1104 4300 tamen
1159 4235 1330 4316 apud
1374 4235 1541 4299 hunc
1595 4234 1686 4298 IX
1732 4237 1858 4300 918
1905 4250 2036 4312 sqq.
2089 4230 2342 4294 easdem
2405 4230 2633 4301 herbas
2687 4236 3088 4293 enumeratas
3143 4228 3237 4289 in-

710 4339 1001 4402 venimus
1044 4345 1233 4417 atque
1276 4336 1446 4417 apud
1492 4337 1874 4416 Epicureum
1921 4334 2013 4398 IV
2065 4336 2184 4397 122
2221 4355 2508 4414 panacea,
2563 4333 2855 4395 absinthia
2900 4343 3088 4393 taetra
3133 4330 3238 4391 ha-

708 4443 1050 4525 brotonique
1088 4463 1298 4523 yravea
1340 4451 1391 4501 et
1433 4441 1626 4501 tristia
1655 4451 1989 4511 centaurea,
2020 4454 2226 4517 neque
2259 4433 2539 4499 clausula
2572 4436 2942 4498 Lucretiana
2969 4434 3239 4514 corporis

712 4556 887 4607 auctu
932 4543 1028 4625 (II
1072 4546 1199 4607 482
1245 4542 1302 4606 V
1352 4544 1543 4624 1169)
1585 4540 1663 4604 ab
1708 4539 1834 4603 alio
1878 4538 2213 4604 adhibetur
2267 4538 2390 4601 nisi
2445 4538 2522 4600 ab
2570 4536 2689 4600 hoc
2733 4539 2910 4619 epico
2953 4537 3046 4600 IX
3093 4540 3234 4600 797.

926 4646 1083 4711 Cum
1136 4645 1402 4720 Catullo,
1446 4642 1715 4719 Tibullo,
1768 4642 2100 4721 Propertio
2145 4646 2216 4704 ut
2259 4648 2637 4718 argumento
2680 4641 2768 4703 ita
2811 4641 3021 4704 verbis
3065 4637 3238 4701 nulla

709 4750 841 4814 fere
888 4749 1239 4814 similitudo
1285 4752 1398 4825 est,
1452 4745 1625 4810 nulla
1669 4751 1840 4809 certa
1881 4743 2148 4808 imitatio
2196 4760 2400 4823 neque
2447 4744 2509 4805 in
2556 4742 2879 4823 prooemio
2924 4759 3128 4820 neque
3173 4741 3236 4803 in

710 4852 849 4917 aliis
893 4846 1195 4934 partibus,
1289 4850 1685 4930 Quamquam
1739 4845 2028 4912 Catulli
2072 4845 2332 4908 carmini
2377 4845 2585 4909 LXIV
2646 4862 2772 4907 non
2819 4842 3014 4919 deest,
3069 4840 3239 4921 quod
