3663 5495
1498 469 1884 530 ..9-

423 655 615 732 dabis,
680 654 965 736 improbe,
1024 675 1250 734 poenas
1295 654 1531 717 fontem
1600 671 1741 718 esse
1805 653 2061 718 Lucano
2125 654 2176 717 V
2241 656 2360 719 158
2417 655 2604 732 dabis,
2658 656 2956 737 improba,

426 777 655 836 poenas
710 761 861 830 erat,
921 773 1060 819 cum
1118 753 1537 832 affirmabam3
1595 755 1898 821 iudicium
1953 759 2078 820 iam
2135 747 2398 820 cohibeo
2456 757 2720 821 edoctus
2763 756 2950 821 talem

429 856 729 938 loquendi
781 856 1116 921 formulam
1174 875 1301 920 non
1354 859 1634 938 ignotam
1695 857 1895 924 fuisse
1940 859 2272 940 Propertio
2317 859 2386 923 11
2432 863 2532 936 5,3
2579 861 2750 922 dabis
2793 859 2958 940 milri,

421 961 691 1041 perfida,
743 982 973 1041 poenas
1024 958 1300 1023 Senecae
1367 960 1531 1024 Med.
1581 965 1705 1027 340
1768 963 1932 1024 dedit
1983 961 2090 1022 illa
2145 983 2356 1042 ²‹prave-⁴3
2406 962 2682 1043 improba
2729 981 2962 1042 poenas

428 1060 685 1125 Valerio
738 1062 830 1126 IV
889 1065 969 1127 13
1030 1062 1195 1124 dabit
1248 1062 1441 1142 impia
1480 1085 1707 1143 poenas
1754 1063 1954 1127 Statio
1998 1063 2108 1128 Th.
2154 1062 2249 1126 XI
2295 1066 2421 1129 334
2468 1064 2644 1136 datia,
2681 1062 2958 1142 improba

429 1162 680 1242 lumina,
711 1185 945 1244 poenas
990 1162 1144 1227 Silio
1189 1163 1318 1226 VII
1348 1167 1472 1230 539
1519 1165 1684 1226 dabit
1726 1167 2036 1246 improbus
2076 1166 2266 1248 inquit
2311 1218 2324 1232 .
2371 1213 2386 1228 .
2419 1187 2650 1246 poenas
2680 1164 2958 1244 Corippo

428 1263 573 1329 Joh.
620 1265 711 1328 IV
760 1270 881 1330 211
948 1266 1220 1343 reddam,
1285 1266 1579 1347 improba,
1635 1289 1880 1348 poenas,
1985 1267 2044 1330 T
2034 1291 2072 1328 u
2128 1267 2278 1330 mihi
2315 1268 2445 1347 sola
2484 1268 2685 1349 places
2738 1285 2960 1332 omnes

430 1385 719 1430 amorum
778 1369 1117 1449 scriptores
1176 1368 1335 1448 (Tib.
1388 1369 1479 1433 IV
1527 1372 1665 1446 13‚3
1726 1370 1913 1451 Prop.
1961 1370 2028 1433 II
2075 1372 2216 1446 7‚19
2275 1370 2392 1435 Ov.
2441 1377 2551 1435 art.
2598 1371 2631 1434 I
2674 1373 2784 1449 42)
2827 1369 2962 1434 suis

431 1468 661 1550 puellis
714 1471 1213 1551 spoponderunt,
1270 1471 1383 1535 sed
1436 1479 1687 1552 praeter
1734 1481 1956 1553 poetas
2015 1481 2186 1536 certe
2231 1472 2412 1536 multi
2457 1479 2608 1536 tunc
2653 1481 2724 1536 ut
2767 1490 2960 1549 nunc3

436 1589 580 1634 nam
626 1573 664 1637 J
674 1573 923 1653 uppiter
962 1575 1239 1652 periuria
1282 1574 1437 1635 ridet
1466 1586 1794 1642 amantum.
1885 1574 2056 1638 Num
2088 1576 2376 1639 miraculi
2405 1577 2603 1638 instar
2633 1583 2747 1652 est,
2792 1575 2961 1655 quod

432 1675 603 1754 apud
637 1673 985 1755 Vergilium
1037 1674 1245 1738 A.111
1296 1677 1416 1738 104
1462 1683 1526 1738 et
1571 1676 1894 1742 Lucanum
1945 1676 2107 1741 VIII
2157 1679 2278 1741 118
2321 1679 2468 1740 iac-et
2508 1679 2705 1740 imula
2735 1675 2962 1758 ponto?

434 1775 577 1839 Toti
621 1774 893 1842 fortasse
937 1795 1162 1841 versus
1207 1777 1295 1840 ita
1328 1795 1597 1842 numero
1626 1779 2050 1842 imitationum
2083 1778 2455 1843 detrahendi
2486 1785 2648 1845 sunt.
2722 1779 2962 1843 Versus

434 1876 679 1942 Manilii
724 1879 779 1943 V
836 1880 957 1942 667
1016 1880 1389 1964 inflaturque
1442 1903 1547 1943 suo
1600 1883 1937 1961 per-mimus
1989 1883 2275 1962 sanquine
2321 1893 2544 1962 pontus
2602 1889 2666 1945 et
2729 1882 2965 1944 Lucani

410 1970 539 2043 ἸΙΙ
585 1984 705 2044 577
752 1981 1181 2065 hemer-umque
1223 2003 1329 2044 suo
1362 1983 1754 2066 permis-tum
1776 1983 2064 2064 sanquine
2101 1995 2356 2063 pontum
2403 1988 2651 2064 praeter
2688 1983 2962 2063 primum

438 2083 700 2147 verbum
736 2084 993 2148 eosdem
1036 2102 1178 2148 esse
1215 2101 1317 2148 me
1360 2082 1626 2164 fugerat,
1672 2103 1812 2150 cum
1855 2086 2018 2149 Mus,
2050 2085 2247 2150 Rhen.
2279 2085 2557 2149 XLVIII
2577 2087 2816 2167 (1893),
2840 2087 2963 2148 393

437 2185 503 2248 in
549 2204 855 2250 conexum
898 2187 1062 2250 inter
1107 2188 1266 2252 duos
1314 2187 1455 2252 illos
1500 2193 1721 2268 poetas
1788 2189 2287 2253 intercedentem
2355 2189 2769 2269 inquirebam,
2837 2207 2964 2252 non

438 2287 688 2368 fugerat
730 2289 1385 2368 Ganzenmuellerum,
1428 2291 1739 2373 (Beitraye
1776 2299 1893 2354 'zur
1941 2291 2101 2355 Giris
2144 2291 2208 2354 in
2257 2289 2544 2354 Fleckeis
2587 2310 2728 2355 ann.
2761 2289 2967 2371 suppl.

438 2391 559 2455 XX
586 2394 739 2468 5683
784 2395 959 2469 65⁰„
1004 2393 1118 2456 sed
1162 2411 1313 2457 num
1360 2394 1697 2458 aemulatio
1730 2393 1892 2474 epici
1925 2394 2263 2458 statuenda
2295 2395 2394 2470 sit,
2439 2411 2671 2474 anceps
2707 2392 2966 2468 haere03

440 2500 714 2575 temptes
781 2513 1015 2575 quaeso
1079 2513 1329 2559 versum
1398 2495 1587 2559 huius
1647 2497 2009 2576 argumenti
2077 2494 2344 2576 fingere:
2409 2495 2692 2559 invenies
2745 2495 2965 2559 eadem

440 2595 555 2660 tibi
599 2615 945 2672 occurrere,
988 2616 1151 2678 quae
1194 2604 1603 2661 occurrerunt
1648 2605 1719 2660 ut
1762 2596 1889 2662 illis
1934 2598 2023 2661 ita
2068 2615 2142 2660 ex
2185 2605 2368 2678 parte
2414 2590 2650 2661 Ovidio'
2687 2605 2836 2661 met.
2876 2598 2966 2660 IV

443 2701 569 2765 728
613 2703 831 2765 mirctos
872 2724 1006 2763 cum
1048 2702 1331 2783 sanquine
1356 2699 1585 2787 fluctus
1614 2701 1942 2783 magisque
1987 2701 2278 2783 scriptori
2309 2700 2473 2765 Ciris
2503 2701 2582 2764 76
2628 2702 2810 2764 multo
2859 2703 2970 2765 mi-

443 2814 623 2865 sceret
668 2806 951 2886 sanquine
983 2816 1258 2885 pontum.
1348 2802 1664 2881 Similiter,
1718 2805 1886 2885 quod
1942 2804 2167 2869 attinet
2222 2805 2304 2869 ad
2353 2803 2594 2867 litteras
2651 2808 2716 2866 et
2759 2801 2970 2883 rhyth-

438 2924 633 2980 mum,
679 2924 907 2987 magna
950 2905 1365 2986 aequabilitas
1408 2915 1675 2987 apparet
1718 2908 1882 2971 inter
1927 2926 2096 2973 cons,
2142 2907 2223 2970 ad
2269 2907 2399 2971 Liv.
2450 2910 2568 2970 185
2617 2907 2755 2967 iura
2803 2906 2972 2967 silent

441 3019 751 3091 ”tutaeque
798 3019 987 3069 tacent
1028 3010 1151 3068 sinc
1189 3009 1415 3069 vindice
1460 3009 1607 3089 [eyes
1663 3013 1727 3071 et
1781 3010 1927 3072 Luc.
1980 3009 2013 3071 I
2059 3010 2187 3073 260
2227 3032 2378 3071 ‘rura
2421 3009 2591 3069 silent
2633 3007 2973 3089 mediusque

439 3118 589 3169 tacet
634 3107 873 3192 (iacetP)
916 3111 1039 3171 sine
1080 3131 1387 3171 murmure
1422 3121 1659 3189 pontica,
1717 3111 1830 3174 sed
1881 3127 2033 3173 num
2087 3108 2247 3172 alter
2305 3128 2378 3172 ex
2431 3109 2628 3172 altero
2676 3108 2968 3188 pendeat,

440 3211 677 3291 ambigi
706 3210 867 3274 licet.
964 3210 1029 3271 ln
1061 3208 1295 3273 talibus
1326 3212 1627 3291 exemplis
1658 3211 2008 3275 similitudo
2041 3230 2211 3289 sane,
2257 3230 2382 3275 non
2417 3217 2587 3274 certa
2629 3210 2970 3275 aemulatio

444 3313 595 3393 poni
638 3318 849 3394 potest
879 3316 928 3393 1)

658 3416 779 3479 His
824 3415 1071 3479 duabus
1116 3413 1606 3492 difficultatibuS,
1653 3415 1734 3479 de
1779 3417 2008 3496 quibus
2063 3415 2270 3479 adhuc
2327 3414 2444 3495 egi,
2507 3408 2691 3477 tertia
2753 3431 2972 3494 super-

446 3518 631 3594 venit,
676 3537 799 3598 qua
844 3536 1147 3581 numerus
1191 3516 1611 3580 imitationum
1658 3536 1867 3599 neque
1913 3524 2181 3599 augetur
2226 3535 2430 3597 neque
2474 3517 2796 3593 minuitur,
2859 3515 2973 3579 sed

441 3625 661 3683 auctor
726 3619 1117 3683 transfertur.
1203 3620 1470 3683 Etiamsi
1528 3621 1904 3701 cognatione
1959 3621 2230 3701 quadam
2291 3620 2453 3683 duos
2507 3619 2846 3699 scriptores
2905 3636 2974 3682 se

659 3810 715 3874 1)
746 3808 900 3859 Hanc
934 3806 1105 3873 legem
1141 3806 1200 3857 in
1236 3804 1443 3857 artibus
1478 3805 1753 3873 pingendi,
1789 3805 2044 3873 fingendi,
2081 3803 2403 3859 aedificandi
2439 3820 2548 3857 non
2575 3804 2752 3860 minus
2779 3806 2976 3875 valere,

445 3902 506 3949 ut
560 3902 978 3948 consentaneum
1030 3899 1131 3960 est,
1184 3893 1430 3960 exemplo
1467 3909 1576 3947 non
1622 3910 1847 3961 prorsus
1893 3894 1980 3947 his
2019 3893 2217 3948 studiis
2255 3893 2434 3946 alieno
2471 3893 2750 3947 illustrare
2797 3895 2974 3951 liceat.

446 3984 495 4037 E
540 3984 787 4051 picturis,
834 3998 970 4049 quae
1016 3997 1156 4034 anno
1197 3982 1332 4035 1755
1370 3996 1397 4033 e
1436 3982 1613 4035 cinere
1652 3989 1838 4036 erutae
1875 3998 2052 4037 mores
2089 3982 2232 4035 vitae
2270 3981 2634 4035 Romanorum
2673 3981 2976 4037 cotidianae

447 4072 682 4126 dilucide
720 4071 892 4125 oculis
930 4070 1204 4124 subiciunt
1228 4068 1345 4135 (cfr.
1368 4069 1431 4123 Ο.
1454 4070 1615 4137 Jahn,
1640 4072 1821 4123 Abhdl.
1843 4072 1935 4121 der
1955 4071 2124 4125 seick-⁹.
2149 4070 2269 4121 Ges.
2293 4070 2385 4119 der
2406 4070 2549 4121 Wiss.
2571 4068 2638 4135 V,
2663 4070 2816 4138 1870,
2834 4072 2978 4139 263),

446 4176 555 4215 una
602 4162 659 4213 in
696 4160 883 4214 tabula
918 4160 939 4209 l
976 4167 1197 4213 exstans
1230 4159 1413 4224 (etiam
1442 4158 1588 4226 apud
1612 4159 1956 4213 Baumeister
1991 4159 2200 4212 Denkm.
2225 4160 2364 4211 1590
2389 4157 2729 4223 Engelmann
2757 4162 2982 4224 Pompeii

446 4250 538 4318 21)
576 4249 693 4302 ludi
740 4248 994 4302 litterarii
1038 4264 1195 4302 usum
1241 4253 1295 4301 et
1338 4248 1782 4301 consuetudinem
1818 4248 2121 4301 adumbrat.
2197 4246 2283 4299 Ibi
2320 4245 2621 4312 discipulus
2659 4247 2728 4299 ab
2765 4248 2979 4315 aequali

444 4354 614 4406 puero
660 4337 901 4391 humeris
947 4338 1193 4391 sublatus
1239 4342 1445 4389 remota
1490 4336 1602 4389 fere
1648 4343 1797 4389 veste
1844 4352 1877 4388 a
1923 4336 2150 4403 plagoso
2199 4333 2431 4401 quodam
2471 4332 2680 4388 Orbilio
2717 4335 2868 4403 virga
2903 4336 2980 4388 vi-
3019 4340 3024 4343 '

446 4427 625 4479 minea
674 4425 933 4479 caeditur.
1007 4425 1163 4477 Hanc
1206 4423 1537 4491 tragoediam
1572 4425 1823 4477 iteratam
1860 4423 2104 4477 videmus
2141 4422 2198 4474 in
2233 4421 2467 4488 imagine
2497 4421 2725 4488 pictoris
2760 4424 2980 4477 Italiani

446 4515 695 4568 Benozzo
736 4514 977 4581 Gozzoli,
1024 4530 1129 4581 qua
1165 4513 1222 4565 in
1272 4513 1601 4568 monasterio
1651 4512 1838 4580 oppidi
1880 4512 1933 4567 S.
1972 4511 2295 4579 Gimignano
2343 4510 2517 4563 sancti
2563 4512 2854 4578 Augustini
2910 4512 2980 4565 ad

446 4605 869 4671 grammatistam
908 4601 1115 4654 aditum
1148 4593 1403 4668 penicillo
1442 4600 1731 4668 descripsit
1766 4602 1950 4668 (klass.
1989 4600 2352 4649 Bildersclaatz
2393 4596 2540 4664 135):
2581 4605 2664 4652 est
2698 4600 2757 4652 in
2793 4599 2978 4653 eadem

446 4690 697 4758 imaginis
728 4697 883 4758 parte
910 4691 1066 4758 pueri
1090 4692 1231 4744 male
1266 4691 1440 4743 habiti
1476 4689 1662 4742 eadem
1700 4688 1944 4741 condicio
1984 4693 2038 4741 et
2073 4692 2268 4753 status,
2303 4684 2446 4738 idem
2483 4686 2793 4740 vestimenti
2828 4688 2980 4741 habi-

447 4785 555 4844 tus,
583 4779 726 4832 idem
758 4780 1059 4847 castigandi
1084 4779 1294 4845 modus,
1325 4777 1473 4831 haud
1492 4778 1678 4844 dispar
1698 4776 1916 4831 scholae
1937 4777 2146 4843 species
2167 4781 2222 4828 et
2241 4775 2703 4829 circumstantium
2725 4775 2979 4833 studium.

447 4868 619 4935 Atqui
656 4868 921 4921 Italianus
959 4868 1160 4922 saeculi
1198 4868 1301 4921 XV
1335 4867 1576 4934 picturas
1612 4866 1735 4919 illas
1774 4865 1998 4918 obrutas
2036 4879 2259 4917 noscere
2297 4863 2445 4916 nullo
2483 4862 2643 4917 modo
2679 4864 2875 4930 potuit.
